1591 2492
69 83 170 108 PART
189 72 258 121 1v.]
464 70 678 108 SECOND
710 70 1059 107 EXPEDITION.
1411 71 1455 117 65

66 185 194 223 millia.
263 184 484 222 Pedestrem
502 198 591 222 vero
615 184 823 221 exercitum
841 188 955 220 noctu
981 183 1146 233 aggressi
1164 183 1338 229 Thraces,
1359 197 1459 234 mag-

66 266 159 290 num
176 252 342 290 militum
368 265 568 290 numerum
596 251 823 289 occiderunt.
871 251 1006 300 Itaque
1035 251 1267 297 Mardonius,
1297 252 1455 301 turpiteI

66 334 106 358 re
125 325 240 371 gesta,
263 320 387 370 copias
405 320 445 357 in
464 321 596 358 Asiam
615 320 750 358 ducere
770 323 919 357 coactus
938 323 1004 357 est.

90 503 390 541 XVI.—THE
430 503 673 541 SECOND
716 502 1105 540 EXPEDITION
1145 503 1413 540 AGAINST

629 578 889 615 GREECE.

606 702 741 752 Prepa
746 701 917 751 mtions.

123 789 338 830 188.—Ne
349 793 433 827 tum
446 789 599 838 quidem
611 789 750 826 Darius
768 789 918 838 incepto
935 788 1092 827 destitit.
1134 789 1235 826 Nam
1247 793 1286 827 et
1297 789 1459 827 famulus

69 871 155 895 eum
173 858 402 895 admonebat
420 861 464 894 ut
485 857 788 894 reminisceretur
806 857 1109 904 Atheniensium,
1131 862 1170 895 et
1188 857 1268 907 ipse
1287 858 1461 907 cupiebat

68 927 230 965 Graecos
263 927 444 976 subigere.
513 926 658 975 Itaque,
692 925 895 963 Mardonio
927 926 975 963 ab
1011 925 1169 975 imperio
1205 930 1360 971 remoto,
1398 926 1461 975 qui

67 995 165 1032 male
183 1008 263 1032 rem
281 999 457 1044 gesserat,
480 993 599 1031 Datin
625 998 663 1031 et
680 994 963 1043 Artaphernem
990 993 1098 1031 novis
1126 993 1241 1043 copiis
1268 994 1458 1043 praefecit,

68 1063 158 1100 dato
176 1062 368 1110 mandato,
389 1067 433 1100 ut
451 1062 624 1099 Athenas
644 1062 907 1111 Eretriamque
926 1061 998 1099 sibi
1027 1061 1263 1109 subiicerent,
1286 1066 1324 1099 et
1353 1066 1462 1111 capta

68 1131 156 1169 inde
187 1131 375 1181 mancipia
406 1132 445 1168 in
478 1144 587 1168 suum
619 1134 861 1180 conspectum
892 1129 1133 1168 adducerent.
1189 1130 1244 1167 Hi
1274 1130 1462 1167 nominati

68 1199 324 1248 imperatores,
346 1212 462 1248 quum
482 1199 529 1236 ad
548 1212 651 1236 mare
669 1199 940 1248 pervenissent,
960 1211 1116 1248 magnas
1136 1198 1260 1247 copias
1280 1198 1462 1247 conscrip-

69 1272 199 1304 serunt
213 1282 224 1314 3
252 1271 486 1305 accesserunt
506 1267 621 1304 etiam
639 1280 755 1304 naves
769 1266 875 1316 equis
890 1266 1188 1314 transvehendis,
1212 1279 1304 1316 quas
1324 1266 1462 1315 superi-

69 1335 124 1372 ori
143 1348 242 1373 anno
261 1334 400 1372 Darius
426 1334 613 1384 parandas
642 1339 847 1372 curaverat.
904 1334 1021 1384 Equis
1048 1335 1089 1371 in
1116 1347 1231 1372 naves
1259 1334 1458 1384 impositis,

68 1407 106 1440 et
125 1404 228 1441 omni
246 1404 411 1453 pedestri
432 1404 599 1441 exercitu
619 1402 868 1441 conscendere
896 1403 1006 1450 iusso,
1029 1403 1215 1440 sexcentis
1242 1403 1461 1441 triremibus

67 1471 225 1520 profecti
244 1475 341 1509 sunt.

630 1580 713 1619 lee
742 1594 902 1631 voyage.

123 1666 349 1705 189.—Per
361 1665 524 1702 Icarium
538 1678 641 1702 mare
657 1679 809 1702 cursum
822 1671 987 1713 tenuere,
1002 1670 1214 1703 metuentes
1225 1666 1401 1713 maxime,
1416 1672 1458 1704 ut

66 1734 161 1770 mihi
188 1733 350 1780 videtur,
371 1733 513 1770 montis
533 1733 739 1779 circuitum,
762 1733 802 1770 in
830 1746 904 1782 quo
928 1733 1110 1782 superiori
1138 1747 1237 1771 anno
1265 1734 1459 1783 ingentem

68 1801 321 1839 calamitatem
335 1801 435 1850 passi
454 1805 571 1838 erant.
620 1801 700 1838 Ubi
718 1814 786 1850 per
799 1814 901 1839 mare
917 1801 1079 1838 Icarium
1098 1802 1304 1839 transvecti
1319 1802 1458 1839 Naxon

67 1869 229 1907 insulam
250 1869 447 1915 advenere,
469 1882 598 1906 omnes
617 1869 735 1906 Naxii
762 1869 802 1906 in
829 1874 977 1907 montes
1005 1869 1264 1920 confugerunt.
1321 1870 1458 1907 Persae

66 1950 167 1984 vero,
188 1937 227 1973 in
260 1937 482 1974 servitutem
510 1937 671 1974 redactis
695 1937 780 1984 illis,
803 1950 1044 1987 quoscunque
1073 1938 1456 1987 comprehendissent,

67 2010 106 2042 et
132 2005 264 2042 aedem
291 2010 330 2042 et
356 2005 490 2042 urbem
521 2005 780 2043 incenderunt.
838 2005 920 2052 Quo
952 2005 1051 2043 facto
1088 2005 1268 2043 adversus
1295 2006 1458 2055 reliquas

67 2073 208 2110 insulas
225 2074 403 2123 navigare
422 2073 639 2123 pergebant.

586 2209 711 2248 Delos
733 2208 769 2246 is
787 2215 859 2259 spa
864 2209 942 2248 νεά.

121 2287 377 2328 190.—Dum
405 2287 496 2324 haec
523 2291 717 2336 geruntur,
738 2286 839 2323 Delii
865 2287 990 2332 etiam,
1012 2287 1143 2325 relicta
1161 2287 1285 2325 insula
1311 2288 1458 2327 Tenum

68 2356 261 2406 effugiunt.
317 2354 428 2392 Datis
448 2359 586 2401 autem,
607 2353 673 2391 ubi
692 2353 732 2390 in
750 2353 929 2391 viciniam
957 2354 1043 2391 Deli
1072 2368 1156 2392 cum
1185 2357 1352 2393 exercitu
1379 2370 1457 2406 per-

760 2431 785 2456 F,
