1591 2492
122 68 169 103 88
228 87 230 90 >
519 69 651 105 EASY
680 70 845 105 LATIN
877 69 1110 106 STORIES.
1317 65 1437 116 [PART
1456 77 1503 104 Ν.

123 181 370 218 Artemisium
383 182 526 219 reversi
545 187 643 219 sunt.
700 183 852 220 Accidit
870 187 1009 228 autem,
1024 187 1068 219 ut
1086 182 1228 219 eisdem
1242 181 1376 219 diebus
1390 186 1429 220 et
1447 195 1504 220 na-

124 247 226 285 vales
244 247 315 287 hae
333 261 494 298 pugnae,
515 252 554 286 et
571 248 757 298 pedestris
777 249 825 286 ad
844 248 1117 298 Thermopylas
1136 248 1470 287 committerentur.

410 393 494 432 lee
512 393 632 432 tlazm'
647 393 935 444 day—retreat
953 394 1005 444 of
1018 394 1082 432 tlze
1106 393 1263 433 Greeks.

168 477 461 517 250.—Tertio
480 490 570 515 vero
598 477 671 525 die,
692 478 939 516 barbarorum
966 477 1079 516 duces
1107 478 1311 528 aegerrime
1332 478 1506 526 ferentes,

115 549 194 582 tam
208 558 346 594 paucas
364 558 480 583 naves
500 545 594 583 adeo
614 546 886 583 contumeliosa
905 546 978 584 sibi
997 546 1137 584 damna
1154 546 1305 595 inferre,
1322 546 1508 595 veritique

114 613 254 650 Xerxis
294 613 399 662 iram,
438 627 515 651 non
552 614 714 664 amplius
750 618 1019 664 exspectarunt
1055 613 1147 651 dum
1183 614 1317 652 Graeci
1359 627 1508 663 pugnae

113 681 266 718 initium
302 680 491 718 facerent:
537 681 603 718 sed
649 681 749 719 inter
785 694 824 719 se
860 681 1048 718 cohortati
1083 681 1123 717 in
1159 680 1287 718 hostes
1323 681 1508 730 impetum

112 749 267 787 faciunt.
337 749 388 786 Et
420 749 460 786 in
487 749 557 786 hac
585 749 740 799 quidem
771 750 897 787 navali
926 752 1054 798 pugna
1084 761 1193 798 pares
1224 748 1302 785 fere
1329 748 1507 797 utrinque

111 817 226 856 fuere.
283 817 386 855 Dum
405 818 497 856 haec
515 823 710 868 geruntur,
731 818 867 856 Graeci
886 818 1063 855 certiores
1082 817 1171 855 facti
1191 822 1280 855 sunt
1298 817 1507 855 Leonidam

113 901 198 926 cum
216 887 387 925 exercitu
406 887 583 937 periisse:
612 887 739 937 itaque
758 888 883 925 visum
902 892 959 925 est
977 886 1151 924 Athenas
1175 887 1323 924 reverti.
1381 886 1503 933 Quum

113 956 452 1006 advesperasceret,
474 969 621 994 summa
640 956 833 993 celeritate
851 956 920 1003 usi,
942 955 1102 1004 profecti
1121 959 1219 993 sunt.

482 1091 564 1129 lee
582 1090 784 1130 Persians
804 1090 944 1130 marclz
963 1104 1012 1129 οη
1035 1091 1192 1142 Delphi.

163 1178 249 1217 251
258 1177 422 1215 .—Tum
434 1191 523 1215 vero
536 1178 688 1215 barbari
700 1177 873 1214 Athenas
886 1178 1114 1214 contendere
1126 1177 1330 1227 incipiunt3
1346 1190 1504 1226 quorum

111 1245 176 1283 alii
194 1245 242 1283 ad
257 1245 482 1295 Delphicam
510 1245 642 1283 aedem
669 1245 805 1283 adiere.
863 1245 954 1282 Eius
981 1245 1036 1282 rei
1062 1245 1220 1282 nuntius
1242 1245 1505 1294 gravissimum

111 1314 391 1364 Delphensibus
419 1314 615 1351 horrorem
642 1314 793 1351 iniecit:
823 1327 897 1363 quo
917 1318 1021 1350 metu
1049 1313 1221 1363 perculsi,
1244 1313 1436 1351 oraculum
1457 1312 1504 1349 de

111 1383 224 1420 sacris
250 1382 419 1432 pecuniis
437 1383 623 1432 rebusque
651 1383 826 1432 pretiosis
854 1382 1135 1429 consuluerunt,
1162 1386 1291 1419 utrum
1318 1381 1358 1418 in
1385 1385 1504 1418 terras

110 1445 344 1498 defoderent,
366 1463 414 1487 an
437 1450 476 1487 in
504 1450 617 1487 aliam
644 1450 837 1500 regionem
865 1454 1113 1499 asportarent.
1169 1449 1224 1486 At
1251 1448 1374 1485 vetuit
1401 1447 1504 1485 Deus

110 1517 191 1555 loco
218 1517 303 1555 illas
330 1531 494 1566 movere,
524 1518 662 1564 dicens,
697 1522 756 1555 ‘se
784 1518 909 1567 ipsum
946 1517 993 1554 ad
1022 1530 1090 1554 sua
1117 1515 1279 1553 tutanda
1314 1515 1504 1553 sufficere.'

111 1584 194 1632 Quo
221 1585 353 1623 audito
385 1598 577 1635 responso,
607 1585 684 1623 iam
721 1586 793 1623 sibi
829 1585 920 1635 ipsis
952 1584 1188 1634 Delphenses
1221 1583 1502 1630 consuluerunt,

109 1652 304 1701 maiorque
323 1665 410 1701 pars
429 1665 560 1690 eorum
578 1653 618 1689 in
637 1653 766 1702 fugam
785 1665 824 1690 se
844 1656 1121 1690 converterunt.

486 1792 632 1842 Apollo
654 1791 822 1841 defends
842 1791 908 1829 lais
927 1797 1158 1840 sanctztaly.

161 1877 384 1916 252.—Ut
395 1889 485 1914 vero
500 1877 854 1926 appropinquarunt·
866 1876 1017 1914 barbari
1029 1891 1040 1923 3
1059 1876 1112 1913 ibi
1127 1881 1217 1912 tunc
1232 1874 1428 1924 propheta,
1444 1873 1503 1909 cui

109 1957 248 1981 nomen
284 1949 365 1981 erat
392 1944 567 1991 Acerato‚
597 1958 701 1982 sacra
737 1957 841 1982 arma
868 1943 967 1981 vidit
1003 1948 1091 1981 ante
1129 1942 1260 1981 aedem
1296 1941 1500 1992 proposita,

108 2024 157 2048 ex
183 2011 441 2060 penetralibus
467 2011 626 2061 prolata,
656 2024 751 2060 quae
783 2011 878 2048 nulli
910 2010 1107 2047 hominum
1138 2009 1195 2047 fas
1223 2013 1304 2046 erat
1334 2013 1500 2058 tangere.

109 2078 220 2124 Quod
245 2078 461 2128 prodigium
489 2078 782 2128 Delphensibus,
813 2078 878 2127 qui
905 2078 944 2114 in
971 2078 1065 2115 urbe
1093 2077 1262 2125 aderant,
1284 2077 1502 2115 nuntiatum

108 2145 212 2183 abiit.
268 2145 364 2183 Mox
396 2146 661 2183 accedentibus
693 2146 828 2191 Persis,
859 2145 906 2182 de
940 2145 1040 2182 eaelo
1074 2145 1235 2182 fulmina
1266 2143 1499 2192 deciderunt,

108 2219 147 2252 et
165 2214 212 2251 de
232 2214 418 2253 Parnasso
437 2220 568 2268 monte
587 2215 750 2264 abrupta
769 2214 844 2251 duo
864 2213 1058 2251 cacumina
1085 2212 1233 2263 ingenti
1252 2225 1336 2250 cum
1355 2212 1502 2262 fragore

108 2283 147 2319 in
167 2282 319 2320 eosdem
344 2283 520 2329 cecidere,
549 2283 765 2332 multosque
793 2285 1071 2331 oppresserunt,
1102 2286 1140 2318 et
1167 2294 1216 2318 ex
1243 2279 1335 2318 aede
1363 2280 1504 2318 clamor

108 2354 147 2387 et
182 2350 347 2388 ululatus
385 2351 586 2389 exauditus
623 2356 689 2388 est.
753 2350 898 2396 Quibus
925 2349 1038 2386 rebus
1074 2349 1208 2386 horror
1243 2348 1414 2386 barbaris
1446 2351 1503 2385 est·
