1591 2492
81 82 185 107 PART
204 68 272 120 1v.]
453 71 570 106 THE
599 69 807 105 BATTLE
837 69 905 106 OF
934 68 1089 105 LADE.
1421 68 1467 114 63

80 185 196 224 rendo
224 185 381 235 singulis
408 185 569 223 navibus
605 198 673 234 per
718 184 826 222 binas
863 183 954 221 alias
991 188 1220 231 exercuerat,
1258 188 1296 221 et
1331 184 1470 221 milites

79 254 239 292 iusserat
257 257 421 291 armatos
448 253 488 290 in
506 256 622 302 ponte
648 257 758 299 stare,
780 252 964 301 reliquam
989 251 1065 289 diei
1093 256 1241 302 partem
1260 252 1299 289 in
1327 252 1470 290 ancoris

79 322 243 359 tenebat.
299 321 351 358 Et
377 321 433 357 illi
461 321 616 370 quidem
644 320 691 358 ad
720 320 923 369 septimum
952 319 1053 357 diem
1080 320 1114 357 ei
1141 320 1325 370 parebant
1339 335 1350 368 3
1377 319 1470 357 inse-

80 394 219 439 quente
237 402 327 427 vero
348 388 419 435 die,
441 402 559 438 quum
573 388 815 438 impatientes
835 392 959 426 essent
981 387 1117 425 talium
1136 387 1319 435 laborum,
1340 387 1470 425 moles-

78 457 141 494 tiis
153 462 191 494 et
203 457 291 494 solis
307 456 440 494 ardore
452 457 626 503 lacessiti,
639 456 750 494 hosce
765 457 865 494 inter
877 469 915 494 se
928 469 1118 493 semones
1130 456 1355 494 miscebant:
1376 456 1470 494 ‘Cur

77 525 145 563 hos
165 525 408 563 exhaurimus
428 525 597 563 labores'l
624 538 713 562 nam
742 524 970 574 desipientes
998 529 1147 562 nosmet
1171 538 1269 562 vano
1297 525 1470 562 iactatori

76 593 328 642 permisimus,
351 593 414 642 qui
433 597 510 630 tres
528 592 642 630 modo
662 606 777 630 naves
797 593 837 629 in
855 606 1054 630 commune
1074 593 1244 630 contulit.
1319 593 1468 640 Quanto

75 665 253 710 praestat,
275 660 426 710 quidvis
446 661 560 707 aliud,
581 674 694 710 quam
713 661 804 698 haec
824 661 933 708 mala,
954 661 1035 710 pati
1053 665 1060 699 !
1113 661 1238 711 Agite,
1260 674 1307 699 ne
1326 661 1469 698 diutius

76 729 163 767 huic
199 729 344 767 homini
380 729 627 779 pareamusl'
700 729 772 766 His
800 729 921 776 dictis,
952 742 1063 767 nemo
1101 730 1262 779 amplius
1289 729 1469 767 mandata

74 797 195 835 facere
227 797 359 845 voluit,
389 797 455 835 sed
482 802 665 847 tanquam
692 797 867 847 pedester
894 798 1091 844 exercitus,
1122 797 1252 835 castris
1279 798 1319 834 in
1346 797 1470 835 insula

75 865 218 914 positis,
252 865 441 915 degebant
468 865 508 902 in
544 866 690 913 umbra,
721 878 836 903 naves
864 865 1111 903 conscendere
1139 865 1379 915 exercerique
1406 878 1468 903 no-

74 933 203 971 lentes.

512 1026 667 1076 Dejfeat
687 1029 739 1076 os
751 1025 816 1064 tlze
835 1025 1018 1065 Ioniam.

130 1111 443 1152 183.—Interim
463 1111 599 1150 Persae
620 1125 704 1149 cum
724 1112 839 1149 classe
860 1115 991 1149 contra
1008 1112 1196 1162 progressi
1215 1116 1313 1150 sunt.
1369 1112 1468 1149 Tum

74 1180 185 1218 Iones
200 1180 315 1218 etiam
326 1193 441 1218 naves
454 1193 538 1218 suas
551 1180 664 1230 longo
678 1179 809 1217 ordine
822 1180 1046 1218 eduxerunt.
1094 1180 1243 1218 Proelio
1256 1180 1464 1228 commisso,

72 1249 247 1287 nonnulli
278 1263 298 1287 e
325 1249 493 1297 ducibus,
525 1250 683 1287 sublatis
709 1250 814 1297 velis,
845 1249 994 1287 deserta
1021 1250 1098 1287 acie
1126 1250 1166 1287 in
1192 1250 1321 1301 fugam
1348 1263 1387 1288 se
1414 1263 1467 1288 re-

73 1322 262 1367 ceperunt.
318 1317 471 1367 Reliqui
490 1331 590 1365 vero,
613 1318 679 1355 ubi
705 1318 904 1367 plerosque
932 1318 1051 1356 socios
1078 1317 1237 1368 prodere
1264 1332 1345 1356 rem
1372 1332 1467 1356 com-

72 1399 226 1422 munem
253 1385 442 1433 viderunt,
473 1385 678 1423 noluerunt
705 1386 845 1436 fugere,
877 1386 943 1423 sed
970 1391 1188 1436 pugnarunt
1216 1387 1466 1425 discurrentes

72 1467 139 1503 per
170 1454 337 1491 hostium
368 1467 495 1502 naves,
529 1467 664 1503 easque
692 1458 1000 1504 perrumpentes3
1037 1454 1167 1503 donec,
1197 1468 1315 1504 quum
1340 1455 1465 1505 plures

73 1535 188 1559 naves
208 1522 404 1571 cepissent,
422 1522 493 1571 ipsi
513 1535 665 1559 suarum
684 1523 865 1560 maiorem
883 1527 1032 1572 partem
1050 1522 1308 1572 perdiderunt.
1365 1523 1465 1561 Satis

74 1595 221 1627 constat
244 1590 355 1628 Ionas
383 1604 520 1640 magno
549 1604 634 1628 cum
661 1591 891 1629 detrimento
919 1591 1088 1629 devictos
1115 1605 1205 1630 esse.
1260 1592 1465 1642 Dionysius

73 1671 174 1706 vero,
195 1662 321 1696 actum
344 1672 422 1696 esse
451 1659 498 1696 de
526 1659 640 1697 classe
660 1660 886 1710 intelligens,
908 1660 948 1697 in
976 1660 1143 1698 Siciliam
1169 1660 1254 1698 vela
1280 1661 1368 1698 fecit
1380 1675 1390 1708 3
1419 1674 1466 1698 ex

74 1739 148 1776 qua
175 1731 324 1764 coortus
352 1727 525 1777 praedari
552 1728 715 1778 incepit:
744 1728 896 1766 Graecis
916 1728 1070 1778 quidem
1094 1729 1253 1766 navibus
1272 1742 1466 1778 nunquam

74 1794 286 1842 insidiatus,
308 1795 373 1832 sed
393 1795 769 1846 Carthaginiensibus
789 1810 830 1834 ac
849 1797 1065 1846 Tyrrhenis.

524 1929 699 1981 Captm‘e
718 1930 770 1980 of
782 1930 966 1970 Miletus.

131 2015 436 2062 184.—Persae‚
453 2016 563 2053 victis
582 2029 710 2066 pugna
728 2017 854 2054 navali
873 2018 1040 2065 Ionibus,
1058 2021 1159 2055 terra
1176 2018 1346 2068 marique
1360 2018 1467 2056 Mile-

76 2088 159 2120 tum
174 2088 451 2133 oppugnarunt,
470 2088 518 2131 et,
537 2085 701 2122 suffossis
721 2085 848 2133 muris,
867 2085 1105 2135 admotisque
1125 2086 1302 2136 cuiusque
1320 2087 1467 2136 generis

76 2151 269 2199 machinis,
292 2165 378 2189 cum
405 2152 486 2201 ipsa
513 2165 596 2189 arce
616 2157 806 2202 ceperunt,
828 2158 936 2191 sexto
956 2167 977 2191 a
997 2154 1206 2192 defectione
1225 2155 1468 2205 Aristagorae

76 2232 198 2267 anno3
227 2224 449 2269 captamque
468 2220 509 2256 in
529 2220 751 2258 servitutem
769 2221 1007 2272 redegerunt.
1064 2222 1126 2260 Ita
1144 2236 1188 2261 ea
1214 2223 1296 2273 ipsa
1323 2223 1469 2261 calami-

75 2291 154 2324 tate
191 2286 341 2325 devicta
367 2288 457 2325 urbs
485 2288 642 2326 Miletus
670 2294 737 2337 est,
769 2303 864 2339 quae
892 2291 931 2327 in
959 2290 1063 2328 illam
1091 2291 1241 2328 oraculo
1277 2291 1468 2340 praedicta

75 2356 166 2389 erat.
