1591 2492
628 496 774 528 PART
795 495 848 530 Il.

232 636 268 672 L
293 636 452 673 *THE
492 636 690 674 STORY
721 637 798 673 OF
831 637 1236 674 POLYCRATES.

620 758 666 796 H
671 758 706 796 is
726 758 862 796 riclees.

51 858 56 862 ·
92 842 558 892 9l.—POLYCRATEs,qui
571 843 755 881 seditione
768 843 867 880 facta
880 843 1035 881 Samum
1047 844 1255 893 occupavit,
1267 845 1430 893 primum

48 910 231 947 trifariam
250 909 493 947 distributam
512 910 706 947 civitatem
724 924 799 948 una
827 924 911 948 cum
938 911 1118 948 fratribus
1137 911 1428 948 administravit.

46 976 157 1022 Dein,
178 976 296 1014 altero
324 977 454 1023 occiso,
475 982 513 1013 et
538 982 632 1014 natu
659 978 804 1014 minore
832 991 880 1015 ex
907 978 1031 1014 insula
1062 978 1194 1024 eiecto,
1215 978 1430 1014 universam

48 1044 203 1081 Samum
229 1044 385 1093 imperio
404 1045 568 1083 tenebat.
625 1045 707 1091 Quo
736 1045 775 1082 in
802 1045 960 1094 imperio
989 1058 1073 1082 cum
1100 1045 1244 1091 Amasi,
1265 1045 1431 1094 Aegypti

47 1125 144 1161 rege,
177 1112 385 1161 hospitium
416 1112 616 1159 contraxit,
649 1112 757 1149 donis
790 1113 824 1150 ei
855 1113 989 1160 missis,
1023 1118 1062 1150 et
1092 1113 1258 1150 vicissim
1290 1113 1337 1150 ab
1369 1112 1432 1149 illo

47 1180 218 1228 acceptis.
273 1179 387 1216 Brevi
406 1182 575 1230 tempore
594 1195 824 1232 magnopere
844 1186 976 1219 auctae
994 1193 1054 1217 res
1082 1185 1173 1218 sunt
1204 1179 1433 1228 Polycratis,

48 1252 87 1284 et
103 1260 171 1296 per
188 1247 403 1284 universam
431 1246 577 1283 Ioniam
604 1246 861 1296 reliquamque
880 1246 1077 1283 Graeciam
1095 1246 1303 1283 celebratae
1332 1253 1429 1281 stult.

48 1315 201 1352 Etenim
215 1328 449 1365 quocumque
464 1328 549 1352 cum
563 1315 729 1352 exercitu
745 1314 1059 1364 proficiscebatur,
1076 1314 1202 1351 omnia
1221 1313 1254 1350 ei
1272 1313 1432 1350 feliciter

49 1383 242 1421 cedebant.
298 1383 477 1420 Habebat
495 1387 622 1420 autem
641 1387 793 1420 centum
811 1382 994 1419 actuarias
1021 1395 1137 1419 naves
1156 1380 1432 1430 quinquaginta

49 1463 250 1497 remorum,
279 1454 317 1487 et
343 1450 446 1487 mille
484 1450 720 1500 sagittarios:
759 1454 986 1499 cunctosque
1018 1449 1189 1486 homines
1226 1447 1330 1485 nullo
1361 1447 1432 1484 dis-

50 1517 206 1554 crimine
225 1517 325 1554 facto
346 1516 541 1563 invadens,
562 1517 698 1566 agebat
724 1516 942 1565 ferebatque
970 1516 1106 1554 omnia.
1163 1515 1304 1552 Aiebat
1319 1514 1429 1560 enim,

51 1583 196 1633 ‘Magis
224 1583 342 1621 amico
375 1583 625 1633 gratificabor,
654 1596 697 1620 ea
729 1595 824 1631 quae
852 1582 973 1631 eripui
999 1582 1215 1628 restituens,
1244 1594 1358 1630 quam
1386 1581 1432 1617 ab

49 1651 159 1688 initio
186 1651 282 1688 nihi]
310 1651 494 1700 eripiens.'
548 1650 691 1687 Multas
719 1650 835 1699 igitur
862 1650 1003 1687 insulas
1023 1654 1183 1699 ceperat,
1203 1648 1324 1686 multa
1342 1648 1433 1685 item

50 1718 279 1755 continentis
298 1717 446 1767 oppida.
502 1717 548 1754 In
567 1717 626 1754 his
645 1716 800 1753 Lesbios
818 1716 946 1753 navali
963 1729 1091 1765 pugna
1109 1720 1304 1764 superatos
1323 1715 1433 1764 cepit,

50 1784 116 1834 qui
133 1783 270 1821 deinde
289 1784 438 1830 fossam,
459 1796 609 1820 murum
628 1782 730 1820 Sami
750 1783 990 1828 ambientem,
1010 1783 1129 1820 vincti
1148 1782 1335 1819 foderunt.

492 1926 574 1964 lee
592 1926 732 1965 advice
750 1927 803 1977 of
814 1927 850 1964 A
861 1926 1000 1965 masis.

105 2019 410 2060 92.—-Felicitas
429 2019 639 2068 Polycratis
653 2019 785 2056 Amasi
804 2019 976 2068 placebat
991 2033 1002 2066 3
1030 2018 1094 2056 sed
1116 2031 1159 2055 ea
1177 2031 1235 2055 res
1254 2017 1310 2054 illi
1329 2030 1438 2054 curae

53 2092 144 2124 erat.
182 2086 311 2124 Missis
330 2087 446 2136 igitur
465 2087 585 2123 literis
605 2086 696 2123 haec
715 2085 763 2123 acl
783 2099 869 2123 eum
887 2086 1122 2135 perscripsit:
1146 2085 1312 2122 ‘Amasis
1331 2084 1440 2132 Poly-

54 2154 148 2191 crati
175 2153 335 2191 salutem
362 2153 466 2191 dicit.
520 2153 651 2190 Placet
676 2153 788 2191 valde
815 2153 909 2190 mihi
936 2153 1096 2191 felicitas
1133 2158 1208 2190 tua.
1264 2151 1319 2188 At
1346 2151 1440 2188 mihi

54 2235 132 2259 non
167 2222 317 2270 placent
344 2226 432 2259 tuae
463 2234 523 2258 res
550 2221 710 2258 nimium
746 2221 941 2259 secundae.
997 2220 1179 2258 Invidum
1215 2225 1273 2256 est
1300 2232 1441 2256 numen

54 2288 212 2326 deorum
248 2289 313 2338 qui
356 2288 542 2326 mundum
586 2293 733 2338 regunt.
816 2288 950 2337 Itaque
987 2301 1128 2335 omnes,
1174 2288 1239 2337 qui
1283 2287 1442 2324 nimium

58 2355 278 2392 florentibus
297 2356 409 2393 rebus
433 2356 491 2393 usi
511 2360 610 2401 sunt,
630 2360 820 2405 postremo
842 2355 1048 2404 pessimum
1072 2356 1187 2392 finem
1215 2354 1439 2391 habuerunt.

1263 2422 1288 2442 27
