1591 2492
49 77 152 102 PART
169 69 216 115 1.J
342 66 457 101 THE
485 66 695 101 BATTLE
723 66 792 103 OF
819 66 935 101 THE
961 65 1143 102 WHIPS.
1389 75 1431 110 25

179 297 513 334 XVII.—-THE
544 297 779 333 BATTLE
810 298 888 335 OF
917 298 1046 333 THE
1076 298 1300 334 WHIPS.

98 386 329 427 86.—Olim
361 386 460 423 servi
494 391 625 424 contra
656 387 818 435 Scythas
846 387 1032 424 seditione
1060 387 1172 433 facta,
1192 387 1310 424 aciem
1338 401 1434 425 com-

46 454 190 493 misere.
245 454 322 491 Diu
341 459 552 504 pugnatum
571 458 639 492 est.
695 454 866 492 Tandem
885 468 982 492 unus
1001 468 1021 492 e
1041 454 1193 503 Scythis
1208 454 1300 492 talia
1315 455 1433 492 dixit:

47 527 56 543 ‘
73 522 173 570 Quid
211 522 368 560 tandem
406 523 575 569 facimus,
613 522 804 571 Scythae?
876 522 973 560 Cum
1011 522 1129 559 servis
1167 523 1308 559 nostris
1345 536 1435 572 pug-

45 595 180 628 nantes
205 591 452 627 interficimur
479 590 574 640 ipsi:
604 590 664 627 his
692 590 807 627 etiam
833 590 1055 637 interfectis,
1075 590 1269 639 pauciores
1298 591 1435 628 deinde

45 659 279 696 habebimus.
335 658 471 707 Itaque
495 658 643 695 omissis
670 658 790 695 hastis
818 662 856 695 et
884 658 1044 707 sagittis,
1065 659 1256 707 capiamus
1275 659 1433 708 flagella,

45 731 84 764 et
102 727 142 763 in
161 735 289 763 servos
308 726 494 775 impetum
512 726 692 763 faciamus
708 741 715 763 :
742 730 881 775 putant
900 726 1002 762 enim
1021 739 1059 762 se
1078 725 1188 763 nobis
1204 726 1378 775 aequales
1397 732 1435 763 et

45 794 208 841 similes,
237 794 398 843 sumptis
425 807 514 831 vero
543 793 713 844 flagellis,
734 794 959 831 servitutem
986 793 1309 831 recordabuntur)
1363 794 1435 831 His

45 863 156 900 dictis
174 867 382 912 paruerunt
401 862 565 910 Scythae
580 877 587 899 z
616 861 715 899 servi
735 866 862 899 autem
880 861 1028 911 flagella
1046 861 1231 908 videntes,
1248 862 1287 898 in
1305 861 1434 912 fugam

45 942 83 966 se
101 943 284 980 recepere.

340 1102 702 1138 XVIII.—THE
735 1102 935 1139 MAGIC
967 1102 1030 1138 RI
1040 1102 1136 1139 NG.

97 1184 351 1233 87.—Gyges
372 1184 461 1220 olim
481 1184 646 1233 quidam,
668 1184 796 1221 hiante
823 1189 925 1221 terra
952 1190 1039 1233 post
1066 1197 1222 1233 magnos
1250 1184 1435 1233 quosdam

44 1253 195 1300 imbres,
216 1252 412 1290 descendit
431 1252 471 1289 in
490 1252 599 1289 illum
618 1252 778 1298 hiatum,
799 1265 1032 1300 aeneumque
1061 1265 1199 1301 equum
1227 1252 1432 1301 conspexit.

44 1321 169 1358 Huius
187 1320 228 1357 in
246 1320 430 1357 lateribus
449 1320 549 1357 sores
569 1324 699 1357 erant:
728 1320 786 1356 his
815 1319 968 1369 apertis,
988 1320 1155 1357 hominis
1177 1320 1319 1357 mortui
1338 1320 1435 1357 vidit

44 1402 178 1438 corpus
209 1388 305 1425 mira
335 1388 610 1437 magnitudine,
631 1387 814 1424 annulum
837 1401 992 1425 aureum
1024 1388 1063 1424 in
1096 1387 1216 1437 digito
1247 1388 1432 1426 habentis.

43 1457 241 1494 Annulum
259 1456 337 1505 ipse
357 1455 483 1492 induit
504 1457 600 1505 (erat
619 1460 746 1492 autem
774 1468 905 1492 servus
923 1456 1053 1505 regis),
1073 1460 1157 1492 tum
1176 1455 1216 1492 in
1236 1456 1435 1492 concilium

44 1538 82 1562 se
102 1537 296 1561 servorum
311 1524 462 1573 recepit.
518 1524 580 1560 Ibi
595 1523 720 1572 palam
735 1524 814 1560 eius
831 1524 962 1560 annuli
973 1524 1014 1560 in
1027 1537 1183 1561 manum
1198 1529 1434 1569 convertens,

45 1607 66 1630 a
84 1593 189 1629 nullo
207 1592 411 1629 videbatur
424 1606 434 1639 3
462 1592 543 1640 ipse
563 1596 692 1629 autem
712 1591 839 1628 omnia
857 1591 1035 1629 videbat:
1063 1591 1167 1628 idem
1194 1591 1377 1628 annulum
1396 1592 1435 1627 in

43 1661 167 1698 locum
199 1660 379 1705 restituit,
413 1664 496 1696 tum
524 1673 652 1697 rursus
684 1660 896 1698 w‘deba‘cur.
963 1660 1109 1708 Itaque,
1143 1659 1214 1696 hac
1244 1659 1436 1696 occasione

45 1728 176 1766 annuli
193 1741 293 1773 115113,
314 1740 442 1777 rege-m
461 1727 657 1764 dominum
676 1727 879 1774 interfecit,
900 1732 938 1764 et
965 1727 1136 1764 inimicos
1165 1726 1341 1764 sustulit:
1368 1739 1437 1763 nec

44 1796 84 1833 in
102 1796 162 1832 his
181 1795 411 1832 facinoribus
431 1808 518 1832 eum
542 1795 741 1844 quisquam
769 1795 898 1832 videre
926 1795 1062 1844 potuit.
1119 1794 1181 1832 Sic
1208 1794 1339 1831 annuli
1367 1807 1436 1843 ope

45 1876 115 1900 rex
133 1863 280 1912 Lydiae
300 1863 421 1900 factus
441 1867 507 1900 est.

443 2050 730 2086 XIX—TIT
761 2050 884 2087 FOR
912 2050 1042 2086 TAT.

97 2138 352 2187 88.—Scipio
379 2138 518 2175 Nasica
546 2138 670 2175 Ennio
698 2142 810 2187 poeta
838 2138 1062 2175 amicissimo
1091 2138 1278 2175 utebatur.
1337 2138 1437 2176 Olim

44 2204 93 2242 ad
125 2218 211 2242 eum
242 2206 360 2251 venit,
381 2210 419 2242 et
451 2205 499 2242 ad
530 2210 681 2254 portam
713 2205 760 2242 de
793 2218 835 2242 eo
869 2205 1079 2254 quaesivit:
1107 2206 1284 2243 ministra
1311 2210 1438 2243 autem

45 2272 170 2322 inquit
186 2288 194 2310 :
222 2276 231 2293 ‘
246 2273 392 2310 Ennius
412 2273 516 2310 domi
534 2286 611 2309 non
630 2272 710 2310 est.'
764 2272 932 2310 Videbat
951 2278 1079 2311 autem
1099 2274 1266 2310 Ennium
1281 2273 1438 2311 Nasica:

45 2339 142 2377 nihil
160 2344 288 2377 tamen
307 2340 419 2386 dixit,
439 2340 505 2377 sed
525 2340 681 2378 domum
705 2353 878 2378 reversus
905 2345 972 2378 est.
1029 2341 1165 2378 Paucis
1192 2345 1279 2390 post
1306 2341 1440 2378 diebus
