1591 2492
101 59 150 102 46
494 62 626 98 EASY
654 63 820 98 LATIN
849 60 1084 100 STORIES.
1286 57 1405 107 [PART
1424 67 1474 94 1v.

385 310 633 349 11.-THE
664 309 846 347 SIEGE
875 309 953 347 OF
985 308 1196 346 BARCA.

518 440 577 479 M
575 440 659 478 z'nes
678 439 766 478 and
784 439 1085 478 comztermz'nes.

157 549 478 591 138.—Narrant
496 549 629 586 Persas
648 547 844 586 obsidione
863 547 1023 584 cinxisse
1038 547 1169 584 urbem
1181 546 1484 595 Barcam,postu—

102 614 223 652 lantes
241 617 285 651 ut
302 614 375 651 viri
392 613 567 650 nonnulli
584 612 834 657 traderentur,
853 612 918 661 qui
935 612 1080 649 facinus
1108 611 1262 660 aliquod
1289 612 1482 649 fecissent:

102 680 168 718 sed
187 680 443 718 conditionem
461 693 537 717 non
557 679 739 729 accepisse
758 679 977 728 oppidanOS‚
994 691 1154 727 quorum
1173 679 1348 716 universa
1360 678 1484 715 multi-

103 747 195 785 tudo
213 748 400 797 particeps
419 747 542 784 caedis
561 752 667 785 esset.
724 747 858 797 Itaque
876 747 1034 785 Baream
1054 750 1321 797 oppugnarunt
1347 759 1484 783 novem

103 815 299 852 continuos
314 828 471 862 menses,
489 815 668 852 cuniculis
687 815 789 859 actis,
804 815 901 852 utin
916 815 1048 852 urbem
1063 815 1260 858 intrarent,
1275 818 1313 851 et
1331 813 1371 850 in
1388 826 1486 850 mur-

102 893 167 918 um
181 881 328 931 saepius
342 882 441 918 facto
460 882 613 930 impetu.
681 881 755 918 Sed
775 881 963 918 cuniculos
983 881 1179 930 indagavit
1198 881 1304 918 faber
1322 880 1485 918 aerarius

102 961 216 985 aeneo
231 953 346 986 scuto.
394 948 637 986 Circumtulit
651 948 751 984 enim
766 952 913 985 scutum
925 948 1026 985 intra
1039 961 1199 994 murum,
1215 952 1253 985 et
1266 948 1485 997 pavimento

103 1014 206 1052 urbis
225 1015 403 1053 admovit.
460 1015 542 1052 Iam
567 1015 640 1052 alia
658 1015 748 1059 loca,
768 1015 833 1052 ubi
851 1015 946 1052 illud
965 1015 1203 1063 admovebat,
1224 1015 1339 1052 surda
1356 1018 1463 1052 erant
1474 1029 1485 1062 3

103 1094 178 1130 qua
212 1086 301 1119 ›arte
319 1095 408 1119 vero
427 1086 534 1119 erant
553 1082 722 1126 cuniculi,
741 1082 794 1119 ibi
813 1095 947 1119 sonum
965 1082 1101 1120 edebat
1115 1095 1176 1119 aes
1192 1082 1297 1120 scuti.
1352 1082 1486 1131 Itaque

103 1147 245 1185 ibidem
263 1161 311 1185 ex
329 1148 486 1185 adverso
505 1147 718 1185 cuniculum
745 1152 899 1197 agentes
925 1148 1106 1197 oppidani
1132 1149 1267 1185 Persas
1292 1147 1488 1185 interficie-

103 1214 196 1252 bant
213 1218 353 1251 terram
371 1214 567 1252 fodientes.

654 1370 698 1409 E
699 1370 965 1421 quz'vocation.

159 1461 381 1501 139.—His
399 1462 511 1499 rebus
543 1475 660 1510 quum
688 1463 851 1499 multum
883 1466 1067 1499 tereretur
1093 1462 1283 1511 temporis,
1303 1461 1487 1511 multique

105 1528 282 1577 utrinque
296 1528 482 1574 caderent,
499 1529 579 1565 dux
593 1529 794 1566 Persarum
808 1529 878 1566 hoc
893 1529 1090 1566 consilium
1105 1530 1214 1578 capit.
1266 1529 1488 1578 Intelligens

105 1595 144 1632 vi
156 1595 237 1644 capi
255 1595 412 1632 Baream
423 1608 500 1632 non
511 1608 629 1644 posse,
643 1595 734 1632 haec
745 1596 866 1632 facere
884 1596 1061 1633 instituit.
1118 1595 1245 1633 Noctu
1259 1595 1376 1632 lata-m
1390 1595 1489 1632 fodit

105 1662 254 1709 fossam,
275 1662 334 1699 cui
351 1662 454 1712 ligna
479 1675 613 1711 parum
630 1662 757 1700 valida
783 1663 970 1710 instravit,
991 1675 1175 1712 superque
1201 1662 1304 1711 ligna
1330 1662 1488 1699 humum

105 1728 271 1777 ingessit,
292 1729 346 1766 ita
363 1733 407 1766 ut
425 1730 636 1778 superficies
654 1729 819 1778 reliquae
838 1734 960 1767 terrae
978 1729 1144 1778 aequalis
1163 1734 1269 1768 esset.
1303 1729 1376 1767 Die
1391 1734 1484 1777 orto,

104 1794 286 1831 Barcaeos
313 1795 361 1832 ad
388 1796 615 1845 colloquium
634 1797 821 1834 invitavit.
877 1796 941 1833 Ad
969 1801 1192 1842 extremum,
1213 1809 1325 1846 super
1343 1797 1489 1834 occulta

105 1861 204 1898 fossa
238 1862 495 1906 sacrificantes,
532 1863 644 1901 duces
679 1864 858 1913 utrinque
894 1864 1096 1902 dixerunt:
1126 1864 1250 1901 ‘Dum
1288 1864 1353 1901 illa
1387 1868 1489 1902 terra

104 1928 213 1965 firma
235 1934 415 1976 maneret,
443 1943 662 1967 mansurum
698 1944 778 1968 esse
814 1931 1097 1969 iusiurandum:
1125 1931 1307 1969 Barcaeos
1333 1932 1488 1980 promit-

105 1998 184 2031 tere
215 2008 253 2032 se
284 1996 481 2044 pecuniam
507 1997 587 2047 regi
611 1997 821 2036 soluturos:
849 1998 983 2035 Persas
1008 1998 1103 2036 nihil
1131 1999 1220 2036 novi
1238 1999 1277 2035 in
1305 1998 1487 2037 Barcaeos

103 2060 291 2098 facturos!

687 2177 918 2228 Treaclceffy.

158 2261 396 2301 140.—Icto
410 2261 570 2305 foedere,
585 2261 738 2299 Barcaei
752 2262 822 2311 ipsi
834 2263 1124 2312 egrediebantur
1137 2265 1238 2309 urbe,
1252 2268 1290 2302 et
1303 2265 1487 2314 hostibus,

102 2332 146 2366 ut
164 2329 265 2367 intra
281 2342 433 2367 murum
451 2328 750 2379 ingrederentur,
769 2331 1064 2378 permittebant5
1092 2334 1131 2368 at
1150 2331 1296 2380 Persae,
1317 2332 1490 2383 disrupto
