<?xml version="1.0" encoding="UTF-8"?>
<!DOCTYPE html PUBLIC "-//W3C//DTD XHTML 1.0 Transitional//EN"
    "http://www.w3.org/TR/xhtml1/DTD/xhtml1-transitional.dtd">
<html xmlns="http://www.w3.org/1999/xhtml" xml:lang="en" lang="en">
 <head>
  <title>
</title>
<meta http-equiv="Content-Type" content="text/html;charset=utf-8" />
  <meta name='ocr-system' content='tesseract 3.04.00' />
  <meta name='ocr-capabilities' content='ocr_page ocr_carea ocr_par ocr_line ocrx_word'/>
</head>
<body>
  <div class='ocr_page' id='page_1' title='image "./easylatinstories00benn/easylatinstories00benn_0070.png"; bbox 0 0 1591 2492; ppageno 0'>
   <div class='ocr_carea' id='block_1_1' title="bbox 116 42 1497 100">
    <p class='ocr_par' dir='ltr' id='par_1_1' title="bbox 116 42 1497 100">
     <span class='ocr_line' id='line_1_1' title="bbox 116 42 1497 100; baseline -0.004 -12"><span class='ocrx_word' id='word_1_1' title='bbox 116 54 162 100; x_wconf 87' lang='lat'>58</span> <span class='ocrx_word' id='word_1_2' title='bbox 509 47 640 83; x_wconf 88' lang='lat' dir='ltr'>EASY</span> <span class='ocrx_word' id='word_1_3' title='bbox 670 46 836 81; x_wconf 91' lang='lat' dir='ltr'>LATIN</span> <span class='ocrx_word' id='word_1_4' title='bbox 865 45 925 81; x_wconf 91' lang='lat' dir='ltr'>ST</span> <span class='ocrx_word' id='word_1_5' title='bbox 929 44 1100 82; x_wconf 89' lang='lat' dir='ltr'>ORIES.</span> <span class='ocrx_word' id='word_1_6' title='bbox 1311 42 1429 93; x_wconf 89' lang='lat' dir='ltr'>[PART</span> <span class='ocrx_word' id='word_1_7' title='bbox 1448 54 1497 82; x_wconf 87' lang='lat' dir='ltr'>1v.</span> 
     </span>
    </p>
   </div>
   <div class='ocr_carea' id='block_1_2' title="bbox 375 212 1199 265">
    <p class='ocr_par' dir='ltr' id='par_1_2' title="bbox 375 212 1199 265">
     <span class='ocr_line' id='line_1_2' title="bbox 375 212 1199 265; baseline -0.002 0"><span class='ocrx_word' id='word_1_8' title='bbox 375 228 704 265; x_wconf 60' lang='lat' dir='ltr'>§zur—THE</span> <span class='ocrx_word' id='word_1_9' title='bbox 737 212 913 265; x_wconf 77' lang='lat' dir='ltr'>10N1&#39;c:</span> <span class='ocrx_word' id='word_1_10' title='bbox 946 227 1199 265; x_wconf 86' lang='lat' dir='ltr'>REVOLT.</span> 
     </span>
    </p>
   </div>
   <div class='ocr_carea' id='block_1_3' title="bbox 564 334 1101 386">
    <p class='ocr_par' dir='ltr' id='par_1_3' title="bbox 564 334 1101 386">
     <span class='ocr_line' id='line_1_3' title="bbox 564 334 1101 386; baseline 0 -12"><span class='ocrx_word' id='word_1_11' title='bbox 564 334 648 374; x_wconf 73' lang='lat' dir='ltr'>Tlce</span> <span class='ocrx_word' id='word_1_12' title='bbox 667 334 852 386; x_wconf 64' lang='lat' dir='ltr'>[naming</span> <span class='ocrx_word' id='word_1_13' title='bbox 869 336 923 385; x_wconf 87' lang='lat' dir='ltr'>of</span> <span class='ocrx_word' id='word_1_14' title='bbox 938 334 1101 374; x_wconf 73' lang='lat' dir='ltr'>Sardis.</span> 
     </span>
    </p>
   </div>
   <div class='ocr_carea' id='block_1_4' title="bbox 113 412 1504 1134">
    <p class='ocr_par' dir='ltr' id='par_1_4' title="bbox 113 412 1504 1134">
     <span class='ocr_line' id='line_1_4' title="bbox 168 412 1500 462; baseline -0.002 -10"><span class='ocrx_word' id='word_1_15' title='bbox 168 413 438 460; x_wconf 86' lang='lat' dir='ltr'>l7l.—Iones,</span> <span class='ocrx_word' id='word_1_16' title='bbox 459 417 610 450; x_wconf 87' lang='lat' dir='ltr'>auctore</span> <span class='ocrx_word' id='word_1_17' title='bbox 629 413 861 462; x_wconf 87' lang='lat' dir='ltr'>Aristagora,</span> <span class='ocrx_word' id='word_1_18' title='bbox 882 426 904 450; x_wconf 86' lang='lat' dir='ltr'>a</span> <span class='ocrx_word' id='word_1_19' title='bbox 932 413 1049 450; x_wconf 88' lang='lat' dir='ltr'>Dario</span> <span class='ocrx_word' id='word_1_20' title='bbox 1078 412 1305 451; x_wconf 88' lang='lat' dir='ltr'>defecerunt.</span> <span class='ocrx_word' id='word_1_21' title='bbox 1367 413 1500 462; x_wconf 91' lang='lat' dir='ltr'>Itaque</span> 
     </span>
     <span class='ocr_line' id='line_1_5' title="bbox 115 480 1501 532; baseline -0.001 -13"><span class='ocrx_word' id='word_1_22' title='bbox 115 481 250 532; x_wconf 88' lang='lat' dir='ltr'>viginti</span> <span class='ocrx_word' id='word_1_23' title='bbox 268 494 383 519; x_wconf 88' lang='lat' dir='ltr'>naves</span> <span class='ocrx_word' id='word_1_24' title='bbox 402 481 654 519; x_wconf 73' lang='lat' dir='ltr'>Athenienses</span> <span class='ocrx_word' id='word_1_25' title='bbox 674 481 852 518; x_wconf 91' lang='lat' dir='ltr'>Miletum</span> <span class='ocrx_word' id='word_1_26' title='bbox 872 480 1120 528; x_wconf 88' lang='lat' dir='ltr'>advenerunt,</span> <span class='ocrx_word' id='word_1_27' title='bbox 1137 494 1229 530; x_wconf 87' lang='lat' dir='ltr'>quas</span> <span class='ocrx_word' id='word_1_28' title='bbox 1248 480 1501 529; x_wconf 89' lang='lat' dir='ltr'>sequebantur</span> 
     </span>
     <span class='ocr_line' id='line_1_6' title="bbox 114 548 1501 599; baseline -0.001 -13"><span class='ocrx_word' id='word_1_29' title='bbox 114 549 279 599; x_wconf 90' lang='lat' dir='ltr'>quinque</span> <span class='ocrx_word' id='word_1_30' title='bbox 297 549 470 586; x_wconf 77' lang='lat' dir='ltr'>triremes</span> <span class='ocrx_word' id='word_1_31' title='bbox 490 549 775 595; x_wconf 87' lang='lat' dir='ltr'>Eretriensium,</span> <span class='ocrx_word' id='word_1_32' title='bbox 790 548 947 585; x_wconf 91' lang='lat' dir='ltr'>Ionibus</span> <span class='ocrx_word' id='word_1_33' title='bbox 961 548 1113 586; x_wconf 85' lang='lat' dir='ltr'>auxilio.</span> <span class='ocrx_word' id='word_1_34' title='bbox 1149 548 1248 586; x_wconf 88' lang='lat' dir='ltr'>Tum</span> <span class='ocrx_word' id='word_1_35' title='bbox 1262 549 1501 598; x_wconf 72' lang='lat' dir='ltr'>Aristagoras</span> 
     </span>
     <span class='ocr_line' id='line_1_7' title="bbox 113 615 1501 667; baseline -0.001 -13"><span class='ocrx_word' id='word_1_36' title='bbox 113 616 394 667; x_wconf 83' lang='lat' dir='ltr'>expeditionem</span> <span class='ocrx_word' id='word_1_37' title='bbox 413 616 592 654; x_wconf 88' lang='lat' dir='ltr'>adversus</span> <span class='ocrx_word' id='word_1_38' title='bbox 609 615 745 653; x_wconf 88' lang='lat' dir='ltr'>Sardes</span> <span class='ocrx_word' id='word_1_39' title='bbox 760 616 932 665; x_wconf 78' lang='lat' dir='ltr'>suscepit.</span> <span class='ocrx_word' id='word_1_40' title='bbox 991 616 1139 653; x_wconf 85' lang='lat' dir='ltr'>Urbem</span> <span class='ocrx_word' id='word_1_41' title='bbox 1154 616 1308 665; x_wconf 89' lang='lat' dir='ltr'>capiunt</span> <span class='ocrx_word' id='word_1_42' title='bbox 1325 631 1332 653; x_wconf 92' lang='lat'>:</span> <span class='ocrx_word' id='word_1_43' title='bbox 1360 615 1501 664; x_wconf 87' lang='lat' dir='ltr'>quomi-</span> 
     </span>
     <span class='ocr_line' id='line_1_8' title="bbox 113 683 1498 734; baseline -0.002 -11"><span class='ocrx_word' id='word_1_44' title='bbox 113 699 184 723; x_wconf 88' lang='lat' dir='ltr'>nus</span> <span class='ocrx_word' id='word_1_45' title='bbox 210 698 299 723; x_wconf 88' lang='lat' dir='ltr'>vero</span> <span class='ocrx_word' id='word_1_46' title='bbox 328 689 476 734; x_wconf 88' lang='lat' dir='ltr'>captam</span> <span class='ocrx_word' id='word_1_47' title='bbox 503 684 666 733; x_wconf 83' lang='lat' dir='ltr'>diripere</span> <span class='ocrx_word' id='word_1_48' title='bbox 698 688 864 733; x_wconf 81' lang='lat' dir='ltr'>possent,</span> <span class='ocrx_word' id='word_1_49' title='bbox 898 684 989 721; x_wconf 88' lang='lat' dir='ltr'>haec</span> <span class='ocrx_word' id='word_1_50' title='bbox 1021 697 1080 721; x_wconf 90' lang='lat' dir='ltr'>res</span> <span class='ocrx_word' id='word_1_51' title='bbox 1112 684 1186 721; x_wconf 87' lang='lat' dir='ltr'>fuit</span> <span class='ocrx_word' id='word_1_52' title='bbox 1217 683 1498 733; x_wconf 89' lang='lat' dir='ltr'>impedimento.</span> 
     </span>
     <span class='ocr_line' id='line_1_9' title="bbox 114 751 1502 803; baseline -0.004 -11"><span class='ocrx_word' id='word_1_53' title='bbox 114 756 233 792; x_wconf 85' lang='lat' dir='ltr'>Erant</span> <span class='ocrx_word' id='word_1_54' title='bbox 247 753 429 792; x_wconf 85' lang='lat' dir='ltr'>Sardibus</span> <span class='ocrx_word' id='word_1_55' title='bbox 441 753 640 803; x_wconf 83' lang='lat' dir='ltr'>pleraeque</span> <span class='ocrx_word' id='word_1_56' title='bbox 652 752 786 790; x_wconf 84' lang='lat' dir='ltr'>domus</span> <span class='ocrx_word' id='word_1_57' title='bbox 801 766 848 790; x_wconf 87' lang='lat' dir='ltr'>ex</span> <span class='ocrx_word' id='word_1_58' title='bbox 863 752 1047 790; x_wconf 88' lang='lat' dir='ltr'>arundine</span> <span class='ocrx_word' id='word_1_59' title='bbox 1063 756 1307 790; x_wconf 87' lang='lat' dir='ltr'>constructae.</span> <span class='ocrx_word' id='word_1_60' title='bbox 1355 751 1502 788; x_wconf 89' lang='lat' dir='ltr'>Harum</span> 
     </span>
     <span class='ocr_line' id='line_1_10' title="bbox 114 819 1500 872; baseline -0.004 -12"><span class='ocrx_word' id='word_1_61' title='bbox 114 836 229 860; x_wconf 90' lang='lat' dir='ltr'>unam</span> <span class='ocrx_word' id='word_1_62' title='bbox 269 836 385 872; x_wconf 88' lang='lat' dir='ltr'>quum</span> <span class='ocrx_word' id='word_1_63' title='bbox 418 821 646 859; x_wconf 84' lang='lat' dir='ltr'>incendisset</span> <span class='ocrx_word' id='word_1_64' title='bbox 687 820 841 870; x_wconf 85' lang='lat' dir='ltr'>quidam</span> <span class='ocrx_word' id='word_1_65' title='bbox 883 833 931 858; x_wconf 77' lang='lat' dir='ltr'>ex</span> <span class='ocrx_word' id='word_1_66' title='bbox 971 820 1167 867; x_wconf 87' lang='lat' dir='ltr'>militibus,</span> <span class='ocrx_word' id='word_1_67' title='bbox 1205 820 1254 858; x_wconf 91' lang='lat' dir='ltr'>ab</span> <span class='ocrx_word' id='word_1_68' title='bbox 1290 819 1355 857; x_wconf 93' lang='lat' dir='ltr'>illo</span> <span class='ocrx_word' id='word_1_69' title='bbox 1391 819 1500 856; x_wconf 92' lang='lat' dir='ltr'>initio</span> 
     </span>
     <span class='ocr_line' id='line_1_11' title="bbox 114 887 1500 940; baseline -0.004 -11"><span class='ocrx_word' id='word_1_70' title='bbox 114 897 236 929; x_wconf 87' lang='lat' dir='ltr'>cetera</span> <span class='ocrx_word' id='word_1_71' title='bbox 272 904 494 928; x_wconf 88' lang='lat' dir='ltr'>consumens</span> <span class='ocrx_word' id='word_1_72' title='bbox 530 890 639 940; x_wconf 89' lang='lat' dir='ltr'>ignis,</span> <span class='ocrx_word' id='word_1_73' title='bbox 671 890 886 927; x_wconf 89' lang='lat' dir='ltr'>universam</span> <span class='ocrx_word' id='word_1_74' title='bbox 927 889 1060 926; x_wconf 84' lang='lat' dir='ltr'>urbem</span> <span class='ocrx_word' id='word_1_75' title='bbox 1096 888 1331 938; x_wconf 86' lang='lat' dir='ltr'>depascebat.</span> <span class='ocrx_word' id='word_1_76' title='bbox 1404 887 1500 924; x_wconf 89' lang='lat' dir='ltr'>Tum</span> 
     </span>
     <span class='ocr_line' id='line_1_12' title="bbox 114 955 1503 1008; baseline -0.004 -11"><span class='ocrx_word' id='word_1_77' title='bbox 114 960 261 1006; x_wconf 87' lang='lat' dir='ltr'>Persae,</span> <span class='ocrx_word' id='word_1_78' title='bbox 282 973 330 997; x_wconf 82' lang='lat' dir='ltr'>ex</span> <span class='ocrx_word' id='word_1_79' title='bbox 357 972 440 997; x_wconf 90' lang='lat' dir='ltr'>arce</span> <span class='ocrx_word' id='word_1_80' title='bbox 465 959 609 1008; x_wconf 86' lang='lat' dir='ltr'>impetu</span> <span class='ocrx_word' id='word_1_81' title='bbox 637 958 748 1004; x_wconf 84' lang='lat' dir='ltr'>facto,</span> <span class='ocrx_word' id='word_1_82' title='bbox 768 957 897 994; x_wconf 87' lang='lat' dir='ltr'>hostes</span> <span class='ocrx_word' id='word_1_83' title='bbox 926 956 1051 994; x_wconf 90' lang='lat' dir='ltr'>adorti</span> <span class='ocrx_word' id='word_1_84' title='bbox 1079 961 1176 994; x_wconf 89' lang='lat' dir='ltr'>sunt.</span> <span class='ocrx_word' id='word_1_85' title='bbox 1233 955 1383 993; x_wconf 85' lang='lat' dir='ltr'>Acriter</span> <span class='ocrx_word' id='word_1_86' title='bbox 1413 968 1503 1005; x_wconf 91' lang='lat' dir='ltr'>pug-</span> 
     </span>
     <span class='ocr_line' id='line_1_13' title="bbox 114 1024 1504 1076; baseline -0.003 -11"><span class='ocrx_word' id='word_1_87' title='bbox 114 1032 246 1065; x_wconf 89' lang='lat' dir='ltr'>natum</span> <span class='ocrx_word' id='word_1_88' title='bbox 273 1031 339 1065; x_wconf 88' lang='lat' dir='ltr'>cst.</span> <span class='ocrx_word' id='word_1_89' title='bbox 401 1027 511 1064; x_wconf 90' lang='lat' dir='ltr'>Iones</span> <span class='ocrx_word' id='word_1_90' title='bbox 539 1026 685 1076; x_wconf 83' lang='lat' dir='ltr'>ingenti</span> <span class='ocrx_word' id='word_1_91' title='bbox 713 1025 817 1063; x_wconf 88' lang='lat' dir='ltr'>clade</span> <span class='ocrx_word' id='word_1_92' title='bbox 845 1025 936 1063; x_wconf 87' lang='lat' dir='ltr'>victi</span> <span class='ocrx_word' id='word_1_93' title='bbox 964 1029 1062 1063; x_wconf 90' lang='lat' dir='ltr'>sunt.</span> <span class='ocrx_word' id='word_1_94' title='bbox 1136 1024 1297 1063; x_wconf 82' lang='lat' dir='ltr'>Constat</span> <span class='ocrx_word' id='word_1_95' title='bbox 1323 1036 1504 1074; x_wconf 89' lang='lat' dir='ltr'>magnum</span> 
     </span>
     <span class='ocr_line' id='line_1_14' title="bbox 113 1093 1011 1134; baseline -0.003 0"><span class='ocrx_word' id='word_1_96' title='bbox 113 1109 313 1134; x_wconf 87' lang='lat' dir='ltr'>numerum</span> <span class='ocrx_word' id='word_1_97' title='bbox 332 1108 461 1133; x_wconf 89' lang='lat' dir='ltr'>eorum</span> <span class='ocrx_word' id='word_1_98' title='bbox 480 1108 502 1132; x_wconf 87' lang='lat' dir='ltr'>a</span> <span class='ocrx_word' id='word_1_99' title='bbox 520 1094 645 1132; x_wconf 89' lang='lat' dir='ltr'>Persis</span> <span class='ocrx_word' id='word_1_100' title='bbox 663 1093 904 1131; x_wconf 86' lang='lat' dir='ltr'>interfectum</span> <span class='ocrx_word' id='word_1_101' title='bbox 923 1106 1011 1131; x_wconf 89' lang='lat' dir='ltr'>esse.</span> 
     </span>
    </p>
   </div>
   <div class='ocr_carea' id='block_1_5' title="bbox 302 1225 1319 1280">
    <p class='ocr_par' dir='ltr' id='par_1_5' title="bbox 302 1225 1319 1280">
     <span class='ocr_line' id='line_1_15' title="bbox 302 1225 1319 1280; baseline -0.006 -10"><span class='ocrx_word' id='word_1_102' title='bbox 302 1231 340 1271; x_wconf 86' lang='lat' dir='ltr'><em>T</em></span> <span class='ocrx_word' id='word_1_103' title='bbox 337 1231 385 1270; x_wconf 71' lang='lat' dir='ltr'>lte</span> <span class='ocrx_word' id='word_1_104' title='bbox 402 1243 533 1280; x_wconf 76' lang='lat' dir='ltr'>anger</span> <span class='ocrx_word' id='word_1_105' title='bbox 551 1230 603 1279; x_wconf 84' lang='lat' dir='ltr'>of</span> <span class='ocrx_word' id='word_1_106' title='bbox 614 1228 780 1268; x_wconf 70' lang='lat' dir='ltr'>Darius</span> <span class='ocrx_word' id='word_1_107' title='bbox 801 1227 972 1279; x_wconf 74' lang='lat' dir='ltr'>against</span> <span class='ocrx_word' id='word_1_108' title='bbox 990 1226 1056 1266; x_wconf 70' lang='lat' dir='ltr'>tlze</span> <span class='ocrx_word' id='word_1_109' title='bbox 1074 1225 1232 1265; x_wconf 80' lang='lat' dir='ltr'>Atlzeni</span> <span class='ocrx_word' id='word_1_110' title='bbox 1235 1239 1319 1266; x_wconf 82' lang='lat' dir='ltr'>ans.</span> 
     </span>
    </p>
   </div>
   <div class='ocr_carea' id='block_1_6' title="bbox 117 1302 1508 1963">
    <p class='ocr_par' dir='ltr' id='par_1_6' title="bbox 117 1302 1508 1963">
     <span class='ocr_line' id='line_1_16' title="bbox 170 1302 1505 1352; baseline -0.007 -3"><span class='ocrx_word' id='word_1_111' title='bbox 170 1308 483 1350; x_wconf 83' lang='lat' dir='ltr'>172.-—Interim</span> <span class='ocrx_word' id='word_1_112' title='bbox 497 1307 614 1344; x_wconf 88' lang='lat' dir='ltr'>Dario</span> <span class='ocrx_word' id='word_1_113' title='bbox 635 1306 845 1352; x_wconf 88' lang='lat' dir='ltr'>nuntiatur,</span> <span class='ocrx_word' id='word_1_114' title='bbox 859 1304 996 1343; x_wconf 85' lang='lat' dir='ltr'>Sardes</span> <span class='ocrx_word' id='word_1_115' title='bbox 1012 1304 1182 1342; x_wconf 86' lang='lat' dir='ltr'>incensas</span> <span class='ocrx_word' id='word_1_116' title='bbox 1201 1304 1249 1342; x_wconf 89' lang='lat' dir='ltr'>ab</span> <span class='ocrx_word' id='word_1_117' title='bbox 1264 1302 1505 1340; x_wconf 89' lang='lat' dir='ltr'>Atheniensi-</span> 
     </span>
     <span class='ocr_line' id='line_1_17' title="bbox 117 1371 1505 1426; baseline -0.006 -8"><span class='ocrx_word' id='word_1_118' title='bbox 117 1381 186 1418; x_wconf 86' lang='lat' dir='ltr'>bus</span> <span class='ocrx_word' id='word_1_119' title='bbox 208 1378 451 1426; x_wconf 85' lang='lat' dir='ltr'>Ionibusque,</span> <span class='ocrx_word' id='word_1_120' title='bbox 471 1376 646 1424; x_wconf 84' lang='lat' dir='ltr'>illiusque</span> <span class='ocrx_word' id='word_1_121' title='bbox 674 1374 861 1412; x_wconf 87' lang='lat' dir='ltr'>tumultus</span> <span class='ocrx_word' id='word_1_122' title='bbox 890 1378 1093 1420; x_wconf 84' lang='lat' dir='ltr'>auctorem,</span> <span class='ocrx_word' id='word_1_123' title='bbox 1113 1373 1218 1411; x_wconf 90' lang='lat' dir='ltr'>cuius</span> <span class='ocrx_word' id='word_1_124' title='bbox 1245 1372 1386 1410; x_wconf 81' lang='lat' dir='ltr'>auxilio</span> <span class='ocrx_word' id='word_1_125' title='bbox 1413 1371 1505 1409; x_wconf 86' lang='lat' dir='ltr'>haec</span> 
     </span>
     <span class='ocr_line' id='line_1_18' title="bbox 117 1439 1504 1498; baseline -0.008 -11"><span class='ocrx_word' id='word_1_126' title='bbox 117 1452 290 1498; x_wconf 87' lang='lat' dir='ltr'>suscepta</span> <span class='ocrx_word' id='word_1_127' title='bbox 308 1446 395 1492; x_wconf 86' lang='lat' dir='ltr'>sint,</span> <span class='ocrx_word' id='word_1_128' title='bbox 415 1445 676 1493; x_wconf 87' lang='lat' dir='ltr'>Aristagoram</span> <span class='ocrx_word' id='word_1_129' title='bbox 704 1456 783 1480; x_wconf 88' lang='lat' dir='ltr'>esse</span> <span class='ocrx_word' id='word_1_130' title='bbox 806 1442 1009 1480; x_wconf 89' lang='lat' dir='ltr'>Milesium.</span> <span class='ocrx_word' id='word_1_131' title='bbox 1067 1441 1150 1488; x_wconf 78' lang='lat' dir='ltr'>Quo</span> <span class='ocrx_word' id='word_1_132' title='bbox 1178 1444 1329 1490; x_wconf 84' lang='lat' dir='ltr'>accepto</span> <span class='ocrx_word' id='word_1_133' title='bbox 1357 1439 1504 1486; x_wconf 90' lang='lat' dir='ltr'>nuntio,</span> 
     </span>
     <span class='ocr_line' id='line_1_19' title="bbox 117 1507 1505 1560; baseline -0.008 -5"><span class='ocrx_word' id='word_1_134' title='bbox 117 1517 222 1554; x_wconf 88' lang='lat' dir='ltr'>nulla</span> <span class='ocrx_word' id='word_1_135' title='bbox 239 1514 385 1553; x_wconf 92' lang='lat' dir='ltr'>ratione</span> <span class='ocrx_word' id='word_1_136' title='bbox 403 1513 535 1550; x_wconf 88' lang='lat' dir='ltr'>habita</span> <span class='ocrx_word' id='word_1_137' title='bbox 549 1512 697 1558; x_wconf 88' lang='lat' dir='ltr'>Ionum,</span> <span class='ocrx_word' id='word_1_138' title='bbox 715 1524 808 1560; x_wconf 86' lang='lat' dir='ltr'>quos</span> <span class='ocrx_word' id='word_1_139' title='bbox 826 1514 986 1547; x_wconf 88' lang='lat' dir='ltr'>noverat</span> <span class='ocrx_word' id='word_1_140' title='bbox 999 1522 1159 1559; x_wconf 89' lang='lat' dir='ltr'>poenam</span> <span class='ocrx_word' id='word_1_141' title='bbox 1180 1512 1319 1545; x_wconf 88' lang='lat' dir='ltr'>certam</span> <span class='ocrx_word' id='word_1_142' title='bbox 1339 1507 1505 1554; x_wconf 82' lang='lat' dir='ltr'>daturos,</span> 
     </span>
     <span class='ocr_line' id='line_1_20' title="bbox 118 1574 1505 1630; baseline -0.007 -8"><span class='ocrx_word' id='word_1_143' title='bbox 118 1584 257 1622; x_wconf 84' lang='lat' dir='ltr'>dicitur</span> <span class='ocrx_word' id='word_1_144' title='bbox 287 1595 356 1620; x_wconf 87' lang='lat' dir='ltr'>rex</span> <span class='ocrx_word' id='word_1_145' title='bbox 388 1580 627 1630; x_wconf 87' lang='lat' dir='ltr'>quaesivisse,</span> <span class='ocrx_word' id='word_1_146' title='bbox 667 1583 675 1599; x_wconf 89' lang='lat'>‘</span> <span class='ocrx_word' id='word_1_147' title='bbox 692 1579 847 1628; x_wconf 85' lang='lat' dir='ltr'>quinam</span> <span class='ocrx_word' id='word_1_148' title='bbox 875 1582 1001 1615; x_wconf 87' lang='lat' dir='ltr'>essent</span> <span class='ocrx_word' id='word_1_149' title='bbox 1027 1575 1328 1614; x_wconf 75' lang='lat' dir='ltr'>Athenienses‘l&#39;</span> <span class='ocrx_word' id='word_1_150' title='bbox 1356 1574 1505 1622; x_wconf 88' lang='lat' dir='ltr'>deinde,</span> 
     </span>
     <span class='ocr_line' id='line_1_21' title="bbox 118 1643 1508 1703; baseline -0.008 -12"><span class='ocrx_word' id='word_1_151' title='bbox 118 1666 235 1703; x_wconf 90' lang='lat' dir='ltr'>quum</span> <span class='ocrx_word' id='word_1_152' title='bbox 262 1649 479 1696; x_wconf 83' lang='lat' dir='ltr'>audivisset,</span> <span class='ocrx_word' id='word_1_153' title='bbox 499 1647 712 1698; x_wconf 87' lang='lat' dir='ltr'>poposcisse</span> <span class='ocrx_word' id='word_1_154' title='bbox 741 1659 880 1693; x_wconf 86' lang='lat' dir='ltr'>arcum,</span> <span class='ocrx_word' id='word_1_155' title='bbox 901 1650 939 1683; x_wconf 91' lang='lat' dir='ltr'>et</span> <span class='ocrx_word' id='word_1_156' title='bbox 966 1645 1143 1695; x_wconf 83' lang='lat' dir='ltr'>sagittam</span> <span class='ocrx_word' id='word_1_157' title='bbox 1170 1643 1272 1682; x_wconf 89' lang='lat' dir='ltr'>arcui</span> <span class='ocrx_word' id='word_1_158' title='bbox 1290 1643 1508 1693; x_wconf 89' lang='lat' dir='ltr'>impositam</span> 
     </span>
     <span class='ocr_line' id='line_1_22' title="bbox 119 1711 1508 1763; baseline -0.009 -3"><span class='ocrx_word' id='word_1_159' title='bbox 119 1721 284 1760; x_wconf 88' lang='lat' dir='ltr'>emisisse</span> <span class='ocrx_word' id='word_1_160' title='bbox 319 1719 359 1757; x_wconf 92' lang='lat' dir='ltr'>in</span> <span class='ocrx_word' id='word_1_161' title='bbox 397 1717 551 1763; x_wconf 87' lang='lat' dir='ltr'>caelum,</span> <span class='ocrx_word' id='word_1_162' title='bbox 581 1715 807 1762; x_wconf 85' lang='lat' dir='ltr'>exclamans,</span> <span class='ocrx_word' id='word_1_163' title='bbox 842 1714 969 1752; x_wconf 89' lang='lat' dir='ltr'>‘Proh</span> <span class='ocrx_word' id='word_1_164' title='bbox 997 1714 1153 1763; x_wconf 86' lang='lat' dir='ltr'>Iupiter,</span> <span class='ocrx_word' id='word_1_165' title='bbox 1185 1712 1381 1762; x_wconf 85' lang='lat' dir='ltr'>contingat</span> <span class='ocrx_word' id='word_1_166' title='bbox 1413 1711 1508 1749; x_wconf 91' lang='lat' dir='ltr'>mihi</span> 
     </span>
     <span class='ocr_line' id='line_1_23' title="bbox 118 1780 1508 1839; baseline -0.007 -12"><span class='ocrx_word' id='word_1_167' title='bbox 118 1801 258 1839; x_wconf 85' lang='lat' dir='ltr'>poenas</span> <span class='ocrx_word' id='word_1_168' title='bbox 294 1799 439 1825; x_wconf 88' lang='lat' dir='ltr'>sumere</span> <span class='ocrx_word' id='word_1_169' title='bbox 467 1785 515 1822; x_wconf 92' lang='lat' dir='ltr'>ab</span> <span class='ocrx_word' id='word_1_170' title='bbox 542 1783 840 1821; x_wconf 88' lang='lat' dir='ltr'>Atheniensibus</span> <span class='ocrx_word' id='word_1_171' title='bbox 857 1782 878 1820; x_wconf 79' lang='lat'>1’</span> <span class='ocrx_word' id='word_1_172' title='bbox 933 1782 1005 1819; x_wconf 88' lang='lat' dir='ltr'>His</span> <span class='ocrx_word' id='word_1_173' title='bbox 1033 1781 1144 1819; x_wconf 87' lang='lat' dir='ltr'>dictis</span> <span class='ocrx_word' id='word_1_174' title='bbox 1171 1780 1368 1818; x_wconf 87' lang='lat' dir='ltr'>mandavit</span> <span class='ocrx_word' id='word_1_175' title='bbox 1394 1780 1461 1817; x_wconf 89' lang='lat' dir='ltr'>uni</span> <span class='ocrx_word' id='word_1_176' title='bbox 1487 1793 1508 1817; x_wconf 91' lang='lat' dir='ltr'>e</span> 
     </span>
     <span class='ocr_line' id='line_1_24' title="bbox 119 1848 1506 1903; baseline -0.007 -8"><span class='ocrx_word' id='word_1_177' title='bbox 119 1856 313 1902; x_wconf 86' lang='lat' dir='ltr'>ministris,</span> <span class='ocrx_word' id='word_1_178' title='bbox 333 1859 376 1892; x_wconf 92' lang='lat' dir='ltr'>ut</span> <span class='ocrx_word' id='word_1_179' title='bbox 395 1853 542 1903; x_wconf 90' lang='lat' dir='ltr'>quoties</span> <span class='ocrx_word' id='word_1_180' title='bbox 561 1865 675 1890; x_wconf 83' lang='lat' dir='ltr'>coena</span> <span class='ocrx_word' id='word_1_181' title='bbox 694 1851 765 1901; x_wconf 82' lang='lat' dir='ltr'>ipsi</span> <span class='ocrx_word' id='word_1_182' title='bbox 784 1854 1047 1900; x_wconf 89' lang='lat' dir='ltr'>apponeretur,</span> <span class='ocrx_word' id='word_1_183' title='bbox 1064 1854 1122 1887; x_wconf 93' lang='lat' dir='ltr'>ter</span> <span class='ocrx_word' id='word_1_184' title='bbox 1136 1849 1288 1897; x_wconf 88' lang='lat' dir='ltr'>diceret,</span> <span class='ocrx_word' id='word_1_185' title='bbox 1310 1852 1319 1870; x_wconf 90' lang='lat'>‘</span> <span class='ocrx_word' id='word_1_186' title='bbox 1332 1848 1506 1896; x_wconf 64' lang='lat' dir='ltr'>Domine,</span> 
     </span>
     <span class='ocr_line' id='line_1_25' title="bbox 118 1920 656 1963; baseline -0.011 0"><span class='ocrx_word' id='word_1_187' title='bbox 118 1928 307 1963; x_wconf 89' lang='lat' dir='ltr'>memento</span> <span class='ocrx_word' id='word_1_188' title='bbox 326 1920 619 1960; x_wconf 89' lang='lat' dir='ltr'>Atheniensium</span> <span class='ocrx_word' id='word_1_189' title='bbox 634 1920 656 1958; x_wconf 78' lang='lat' dir='ltr'>l&#39;</span> 
     </span>
    </p>
   </div>
   <div class='ocr_carea' id='block_1_7' title="bbox 294 2074 1346 2120">
    <p class='ocr_par' dir='ltr' id='par_1_7' title="bbox 294 2074 1346 2120">
     <span class='ocr_line' id='line_1_26' title="bbox 294 2074 1346 2120; baseline -0.008 0"><span class='ocrx_word' id='word_1_190' title='bbox 294 2078 605 2120; x_wconf 84' lang='lat' dir='ltr'>XIV.—THE</span> <span class='ocrx_word' id='word_1_191' title='bbox 636 2075 962 2115; x_wconf 86' lang='lat' dir='ltr'>CAMPAIGN</span> <span class='ocrx_word' id='word_1_192' title='bbox 996 2075 1063 2111; x_wconf 89' lang='lat' dir='ltr'>IN</span> <span class='ocrx_word' id='word_1_193' title='bbox 1094 2074 1346 2112; x_wconf 86' lang='lat' dir='ltr'>CYPRUS.</span> 
     </span>
    </p>
   </div>
   <div class='ocr_carea' id='block_1_8' title="bbox 463 2183 1184 2237">
    <p class='ocr_par' dir='ltr' id='par_1_8' title="bbox 463 2183 1184 2237">
     <span class='ocr_line' id='line_1_27' title="bbox 463 2183 1184 2237; baseline -0.006 -12"><span class='ocrx_word' id='word_1_194' title='bbox 463 2184 764 2237; x_wconf 63' lang='lat' dir='ltr'>Prcparations</span> <span class='ocrx_word' id='word_1_195' title='bbox 783 2185 835 2234; x_wconf 83' lang='lat' dir='ltr'>of</span> <span class='ocrx_word' id='word_1_196' title='bbox 848 2183 914 2223; x_wconf 75' lang='lat' dir='ltr'>tlze</span> <span class='ocrx_word' id='word_1_197' title='bbox 931 2184 1184 2234; x_wconf 65' lang='lat' dir='ltr'>lnsm‘gents.</span> 
     </span>
    </p>
   </div>
   <div class='ocr_carea' id='block_1_9' title="bbox 114 2258 1509 2380">
    <p class='ocr_par' dir='ltr' id='par_1_9' title="bbox 114 2258 1509 2380">
     <span class='ocr_line' id='line_1_28' title="bbox 175 2258 1509 2312; baseline -0.007 -7"><span class='ocrx_word' id='word_1_198' title='bbox 175 2264 485 2305; x_wconf 87' lang='lat' dir='ltr'>173.—Interim</span> <span class='ocrx_word' id='word_1_199' title='bbox 504 2263 544 2300; x_wconf 92' lang='lat' dir='ltr'>in</span> <span class='ocrx_word' id='word_1_200' title='bbox 564 2262 691 2312; x_wconf 85' lang='lat' dir='ltr'>Cypro</span> <span class='ocrx_word' id='word_1_201' title='bbox 710 2262 802 2299; x_wconf 89' lang='lat' dir='ltr'>haec</span> <span class='ocrx_word' id='word_1_202' title='bbox 821 2265 928 2311; x_wconf 88' lang='lat' dir='ltr'>gesta</span> <span class='ocrx_word' id='word_1_203' title='bbox 946 2265 1045 2299; x_wconf 87' lang='lat' dir='ltr'>sunt.</span> <span class='ocrx_word' id='word_1_204' title='bbox 1102 2259 1255 2298; x_wconf 88' lang='lat' dir='ltr'>Onesilo</span> <span class='ocrx_word' id='word_1_205' title='bbox 1273 2259 1361 2297; x_wconf 82' lang='lat' dir='ltr'>duci</span> <span class='ocrx_word' id='word_1_206' title='bbox 1378 2258 1509 2309; x_wconf 86' lang='lat' dir='ltr'>Cypri-</span> 
     </span>
     <span class='ocr_line' id='line_1_29' title="bbox 114 2327 1509 2380; baseline -0.007 -7"><span class='ocrx_word' id='word_1_207' title='bbox 114 2347 227 2375; x_wconf 86' lang='lat' dir='ltr'>orum</span> <span class='ocrx_word' id='word_1_208' title='bbox 245 2333 455 2379; x_wconf 70' lang='lat' dir='ltr'>nuntiatur,</span> <span class='ocrx_word' id='word_1_209' title='bbox 470 2330 678 2380; x_wconf 86' lang='lat' dir='ltr'>Artybium</span> <span class='ocrx_word' id='word_1_210' title='bbox 693 2329 847 2366; x_wconf 89' lang='lat' dir='ltr'>Persam</span> <span class='ocrx_word' id='word_1_211' title='bbox 863 2341 947 2366; x_wconf 88' lang='lat' dir='ltr'>cum</span> <span class='ocrx_word' id='word_1_212' title='bbox 962 2328 1077 2366; x_wconf 79' lang='lat' dir='ltr'>classe</span> <span class='ocrx_word' id='word_1_213' title='bbox 1092 2332 1131 2365; x_wconf 87' lang='lat' dir='ltr'>et</span> <span class='ocrx_word' id='word_1_214' title='bbox 1148 2327 1294 2377; x_wconf 87' lang='lat' dir='ltr'>ingenti</span> <span class='ocrx_word' id='word_1_215' title='bbox 1308 2327 1509 2364; x_wconf 86' lang='lat' dir='ltr'>Persarum</span> 
     </span>
    </p>
   </div>
  </div>
 </body>
</html>
