<?xml version="1.0" encoding="UTF-8"?>
<!DOCTYPE html PUBLIC "-//W3C//DTD XHTML 1.0 Transitional//EN"
    "http://www.w3.org/TR/xhtml1/DTD/xhtml1-transitional.dtd">
<html xmlns="http://www.w3.org/1999/xhtml" xml:lang="en" lang="en">
 <head>
  <title>
</title>
<meta http-equiv="Content-Type" content="text/html;charset=utf-8" />
  <meta name='ocr-system' content='tesseract 3.04.00' />
  <meta name='ocr-capabilities' content='ocr_page ocr_carea ocr_par ocr_line ocrx_word'/>
</head>
<body>
  <div class='ocr_page' id='page_1' title='image "./easylatinstories00benn/easylatinstories00benn_0108.png"; bbox 0 0 1591 2492; ppageno 0'>
   <div class='ocr_carea' id='block_1_1' title="bbox 157 69 1536 120">
    <p class='ocr_par' dir='ltr' id='par_1_1' title="bbox 157 69 1536 120">
     <span class='ocr_line' id='line_1_1' title="bbox 157 69 1536 120; baseline 0.001 -14"><span class='ocrx_word' id='word_1_1' title='bbox 157 71 204 117; x_wconf 78' lang='lat'>96</span> <span class='ocrx_word' id='word_1_2' title='bbox 540 71 670 107; x_wconf 79' lang='lat' dir='ltr'>EASY</span> <span class='ocrx_word' id='word_1_3' title='bbox 699 72 866 107; x_wconf 86' lang='lat' dir='ltr'><strong>LATIN</strong></span> <span class='ocrx_word' id='word_1_4' title='bbox 895 71 1128 108; x_wconf 88' lang='lat' dir='ltr'>STORIES.</span> <span class='ocrx_word' id='word_1_5' title='bbox 1351 69 1469 120; x_wconf 81' lang='lat' dir='ltr'>[PART</span> <span class='ocrx_word' id='word_1_6' title='bbox 1488 81 1536 108; x_wconf 92' lang='lat' dir='ltr'>1v.</span> 
     </span>
    </p>
   </div>
   <div class='ocr_carea' id='block_1_2' title="bbox 150 181 1540 356">
    <p class='ocr_par' dir='ltr' id='par_1_2' title="bbox 150 181 1540 356">
     <span class='ocr_line' id='line_1_2' title="bbox 156 181 1539 231; baseline 0.001 -13"><span class='ocrx_word' id='word_1_7' title='bbox 156 181 235 218; x_wconf 90' lang='lat' dir='ltr'>vini</span> <span class='ocrx_word' id='word_1_8' title='bbox 264 181 432 228; x_wconf 89' lang='lat' dir='ltr'>bibisset,</span> <span class='ocrx_word' id='word_1_9' title='bbox 462 181 581 218; x_wconf 89' lang='lat' dir='ltr'>filium</span> <span class='ocrx_word' id='word_1_10' title='bbox 610 182 834 231; x_wconf 85' lang='lat' dir='ltr'>Praexaspis</span> <span class='ocrx_word' id='word_1_11' title='bbox 868 187 955 219; x_wconf 87' lang='lat' dir='ltr'>ante</span> <span class='ocrx_word' id='word_1_12' title='bbox 983 195 1021 219; x_wconf 93' lang='lat' dir='ltr'>se</span> <span class='ocrx_word' id='word_1_13' title='bbox 1049 182 1228 220; x_wconf 89' lang='lat' dir='ltr'>constitui</span> <span class='ocrx_word' id='word_1_14' title='bbox 1260 182 1380 220; x_wconf 85' lang='lat' dir='ltr'>iussit.</span> <span class='ocrx_word' id='word_1_15' title='bbox 1440 183 1539 220; x_wconf 87' lang='lat' dir='ltr'>Dein</span> 
     </span>
     <span class='ocr_line' id='line_1_3' title="bbox 156 249 1540 300; baseline 0.001 -14"><span class='ocrx_word' id='word_1_16' title='bbox 156 249 402 287; x_wconf 86' lang='lat' dir='ltr'>adolescentis</span> <span class='ocrx_word' id='word_1_17' title='bbox 429 255 560 299; x_wconf 89' lang='lat' dir='ltr'>pectus</span> <span class='ocrx_word' id='word_1_18' title='bbox 588 250 664 287; x_wconf 91' lang='lat' dir='ltr'>telo</span> <span class='ocrx_word' id='word_1_19' title='bbox 693 250 840 287; x_wconf 90' lang='lat' dir='ltr'>eminus</span> <span class='ocrx_word' id='word_1_20' title='bbox 867 249 1070 297; x_wconf 74' lang='lat' dir='ltr'>transfixit,</span> <span class='ocrx_word' id='word_1_21' title='bbox 1099 254 1137 288; x_wconf 92' lang='lat' dir='ltr'>et</span> <span class='ocrx_word' id='word_1_22' title='bbox 1164 263 1184 287; x_wconf 92' lang='lat' dir='ltr'>e</span> <span class='ocrx_word' id='word_1_23' title='bbox 1206 254 1313 300; x_wconf 86' lang='lat' dir='ltr'>patre</span> <span class='ocrx_word' id='word_1_24' title='bbox 1342 251 1540 300; x_wconf 80' lang='lat' dir='ltr'>quaesivit,</span> 
     </span>
     <span class='ocr_line' id='line_1_4' title="bbox 150 317 680 356; baseline 0.006 -4"><span class='ocrx_word' id='word_1_25' title='bbox 150 328 242 354; x_wconf 89' lang='lat' dir='ltr'>num</span> <span class='ocrx_word' id='word_1_26' title='bbox 261 322 342 355; x_wconf 87' lang='lat' dir='ltr'>arte</span> <span class='ocrx_word' id='word_1_27' title='bbox 362 330 498 355; x_wconf 85' lang='lat' dir='ltr'>manus</span> <span class='ocrx_word' id='word_1_28' title='bbox 518 317 680 356; x_wconf 79' lang='lat' dir='ltr'>calleret.</span> 
     </span>
    </p>
   </div>
   <div class='ocr_carea' id='block_1_3' title="bbox 526 453 1170 504">
    <p class='ocr_par' dir='ltr' id='par_1_3' title="bbox 526 453 1170 504">
     <span class='ocr_line' id='line_1_5' title="bbox 526 453 1170 504; baseline 0.003 -13"><span class='ocrx_word' id='word_1_29' title='bbox 526 453 763 491; x_wconf 73' lang='lat' dir='ltr'><em>Alexander</em></span> <span class='ocrx_word' id='word_1_30' title='bbox 781 454 871 491; x_wconf 81' lang='lat' dir='ltr'>and</span> <span class='ocrx_word' id='word_1_31' title='bbox 887 453 1170 504; x_wconf 60' lang='lat' dir='ltr'>Hephaestion.</span> 
     </span>
    </p>
   </div>
   <div class='ocr_carea' id='block_1_4' title="bbox 151 545 1541 1127">
    <p class='ocr_par' dir='ltr' id='par_1_4' title="bbox 151 545 1541 1127">
     <span class='ocr_line' id='line_1_6' title="bbox 205 545 1539 597; baseline 0 -13"><span class='ocrx_word' id='word_1_32' title='bbox 205 545 591 593; x_wconf 83' lang='lat' dir='ltr'>27l.—-Alexander‚</span> <span class='ocrx_word' id='word_1_33' title='bbox 624 546 879 583; x_wconf 86' lang='lat' dir='ltr'>Macedonum</span> <span class='ocrx_word' id='word_1_34' title='bbox 910 559 988 593; x_wconf 81' lang='lat' dir='ltr'>rex,</span> <span class='ocrx_word' id='word_1_35' title='bbox 1023 546 1081 583; x_wconf 90' lang='lat' dir='ltr'>cui</span> <span class='ocrx_word' id='word_1_36' title='bbox 1113 559 1250 584; x_wconf 88' lang='lat' dir='ltr'>nomen</span> <span class='ocrx_word' id='word_1_37' title='bbox 1282 546 1424 597; x_wconf 85' lang='lat' dir='ltr'>Magno</span> <span class='ocrx_word' id='word_1_38' title='bbox 1455 547 1539 594; x_wconf 86' lang='lat' dir='ltr'>fuit,</span> 
     </span>
     <span class='ocr_line' id='line_1_7' title="bbox 153 612 1541 664; baseline 0.002 -15"><span class='ocrx_word' id='word_1_39' title='bbox 153 612 269 650; x_wconf 89' lang='lat' dir='ltr'>Dario</span> <span class='ocrx_word' id='word_1_40' title='bbox 298 613 500 650; x_wconf 82' lang='lat' dir='ltr'>Persarum</span> <span class='ocrx_word' id='word_1_41' title='bbox 529 626 615 663; x_wconf 87' lang='lat' dir='ltr'>rege</span> <span class='ocrx_word' id='word_1_42' title='bbox 636 613 683 650; x_wconf 86' lang='lat' dir='ltr'>ad</span> <span class='ocrx_word' id='word_1_43' title='bbox 704 613 826 650; x_wconf 89' lang='lat' dir='ltr'>Issum</span> <span class='ocrx_word' id='word_1_44' title='bbox 850 613 1010 660; x_wconf 88' lang='lat' dir='ltr'>devicto,</span> <span class='ocrx_word' id='word_1_45' title='bbox 1032 614 1187 650; x_wconf 87' lang='lat' dir='ltr'>nuntios</span> <span class='ocrx_word' id='word_1_46' title='bbox 1214 613 1329 660; x_wconf 88' lang='lat' dir='ltr'>misit,</span> <span class='ocrx_word' id='word_1_47' title='bbox 1349 614 1415 664; x_wconf 84' lang='lat' dir='ltr'>qui</span> <span class='ocrx_word' id='word_1_48' title='bbox 1433 614 1541 652; x_wconf 85' lang='lat' dir='ltr'>Darii</span> 
     </span>
     <span class='ocr_line' id='line_1_8' title="bbox 153 680 1541 731; baseline 0 -13"><span class='ocrx_word' id='word_1_49' title='bbox 153 687 313 718; x_wconf 87' lang='lat' dir='ltr'>matrem</span> <span class='ocrx_word' id='word_1_50' title='bbox 331 694 563 730; x_wconf 82' lang='lat' dir='ltr'>uxoremque</span> <span class='ocrx_word' id='word_1_51' title='bbox 584 681 760 718; x_wconf 78' lang='lat' dir='ltr'>certiores</span> <span class='ocrx_word' id='word_1_52' title='bbox 787 681 966 727; x_wconf 84' lang='lat' dir='ltr'>facerent,</span> <span class='ocrx_word' id='word_1_53' title='bbox 987 694 1026 718; x_wconf 91' lang='lat' dir='ltr'>se</span> <span class='ocrx_word' id='word_1_54' title='bbox 1045 680 1145 730; x_wconf 87' lang='lat' dir='ltr'>apud</span> <span class='ocrx_word' id='word_1_55' title='bbox 1165 693 1227 718; x_wconf 86' lang='lat' dir='ltr'>eas</span> <span class='ocrx_word' id='word_1_56' title='bbox 1245 681 1352 718; x_wconf 89' lang='lat' dir='ltr'>brevi</span> <span class='ocrx_word' id='word_1_57' title='bbox 1371 685 1541 731; x_wconf 86' lang='lat' dir='ltr'>tempore</span> 
     </span>
     <span class='ocr_line' id='line_1_9' title="bbox 154 748 1540 799; baseline 0.001 -13"><span class='ocrx_word' id='word_1_58' title='bbox 154 750 356 787; x_wconf 85' lang='lat' dir='ltr'>aditurum.</span> <span class='ocrx_word' id='word_1_59' title='bbox 418 749 513 787; x_wconf 85' lang='lat' dir='ltr'>Mox</span> <span class='ocrx_word' id='word_1_60' title='bbox 541 749 581 786; x_wconf 90' lang='lat' dir='ltr'>in</span> <span class='ocrx_word' id='word_1_61' title='bbox 609 749 720 786; x_wconf 87' lang='lat' dir='ltr'>aedes</span> <span class='ocrx_word' id='word_1_62' title='bbox 748 749 854 786; x_wconf 89' lang='lat' dir='ltr'>venit</span> <span class='ocrx_word' id='word_1_63' title='bbox 882 763 966 786; x_wconf 89' lang='lat' dir='ltr'>cum</span> <span class='ocrx_word' id='word_1_64' title='bbox 995 750 1113 786; x_wconf 91' lang='lat' dir='ltr'>amico</span> <span class='ocrx_word' id='word_1_65' title='bbox 1146 748 1442 798; x_wconf 73' lang='lat' dir='ltr'>Hephaestione,</span> <span class='ocrx_word' id='word_1_66' title='bbox 1475 751 1540 799; x_wconf 90' lang='lat' dir='ltr'>qui</span> 
     </span>
     <span class='ocr_line' id='line_1_10' title="bbox 153 816 1540 867; baseline 0 -13"><span class='ocrx_word' id='word_1_67' title='bbox 153 818 230 867; x_wconf 87' lang='lat' dir='ltr'>regi</span> <span class='ocrx_word' id='word_1_68' title='bbox 259 817 379 855; x_wconf 89' lang='lat' dir='ltr'>forma</span> <span class='ocrx_word' id='word_1_69' title='bbox 406 817 634 867; x_wconf 84' lang='lat' dir='ltr'>praestabat.</span> <span class='ocrx_word' id='word_1_70' title='bbox 691 817 826 866; x_wconf 88' lang='lat' dir='ltr'>Itaque</span> <span class='ocrx_word' id='word_1_71' title='bbox 854 817 1040 862; x_wconf 87' lang='lat' dir='ltr'>mulieres,</span> <span class='ocrx_word' id='word_1_72' title='bbox 1066 816 1389 865; x_wconf 74' lang='lat' dir='ltr'>Hephaestionem</span> <span class='ocrx_word' id='word_1_73' title='bbox 1414 830 1540 866; x_wconf 87' lang='lat' dir='ltr'>regem</span> 
     </span>
     <span class='ocr_line' id='line_1_11' title="bbox 152 884 1538 934; baseline 0 -13"><span class='ocrx_word' id='word_1_74' title='bbox 152 898 232 923; x_wconf 87' lang='lat' dir='ltr'>esse</span> <span class='ocrx_word' id='word_1_75' title='bbox 251 890 367 932; x_wconf 87' lang='lat' dir='ltr'>ratae,</span> <span class='ocrx_word' id='word_1_76' title='bbox 397 886 598 922; x_wconf 85' lang='lat' dir='ltr'>Persarum</span> <span class='ocrx_word' id='word_1_77' title='bbox 625 897 729 922; x_wconf 86' lang='lat' dir='ltr'>more</span> <span class='ocrx_word' id='word_1_78' title='bbox 758 884 805 921; x_wconf 89' lang='lat' dir='ltr'>ad</span> <span class='ocrx_word' id='word_1_79' title='bbox 825 884 939 934; x_wconf 91' lang='lat' dir='ltr'>pedes</span> <span class='ocrx_word' id='word_1_80' title='bbox 967 884 1047 921; x_wconf 90' lang='lat' dir='ltr'>eius</span> <span class='ocrx_word' id='word_1_81' title='bbox 1067 897 1105 921; x_wconf 86' lang='lat' dir='ltr'>se</span> <span class='ocrx_word' id='word_1_82' title='bbox 1123 884 1323 933; x_wconf 90' lang='lat' dir='ltr'>proiecere.</span> <span class='ocrx_word' id='word_1_83' title='bbox 1378 884 1538 930; x_wconf 88' lang='lat' dir='ltr'>Deinde,</span> 
     </span>
     <span class='ocr_line' id='line_1_12' title="bbox 152 952 1540 1000; baseline 0 -10"><span class='ocrx_word' id='word_1_84' title='bbox 152 953 199 990; x_wconf 90' lang='lat' dir='ltr'>de</span> <span class='ocrx_word' id='word_1_85' title='bbox 227 966 352 990; x_wconf 89' lang='lat' dir='ltr'>errore</span> <span class='ocrx_word' id='word_1_86' title='bbox 380 953 518 990; x_wconf 76' lang='lat' dir='ltr'>certior</span> <span class='ocrx_word' id='word_1_87' title='bbox 544 953 655 1000; x_wconf 84' lang='lat' dir='ltr'>facta,</span> <span class='ocrx_word' id='word_1_88' title='bbox 679 957 800 990; x_wconf 86' lang='lat' dir='ltr'>mater</span> <span class='ocrx_word' id='word_1_89' title='bbox 828 952 935 990; x_wconf 89' lang='lat' dir='ltr'>Darii</span> <span class='ocrx_word' id='word_1_90' title='bbox 954 952 1104 989; x_wconf 84' lang='lat' dir='ltr'>veniam</span> <span class='ocrx_word' id='word_1_91' title='bbox 1133 952 1266 990; x_wconf 88' lang='lat' dir='ltr'>oravit.</span> <span class='ocrx_word' id='word_1_92' title='bbox 1323 952 1445 998; x_wconf 81' lang='lat' dir='ltr'>Quam</span> <span class='ocrx_word' id='word_1_93' title='bbox 1472 965 1540 990; x_wconf 80' lang='lat' dir='ltr'>rex</span> 
     </span>
     <span class='ocr_line' id='line_1_13' title="bbox 151 1019 1539 1071; baseline -0.001 -13"><span class='ocrx_word' id='word_1_94' title='bbox 151 1021 314 1071; x_wconf 87' lang='lat' dir='ltr'>benigne</span> <span class='ocrx_word' id='word_1_95' title='bbox 333 1020 528 1067; x_wconf 88' lang='lat' dir='ltr'>allocutus,</span> <span class='ocrx_word' id='word_1_96' title='bbox 546 1025 554 1042; x_wconf 90' lang='lat'>‘</span> <span class='ocrx_word' id='word_1_97' title='bbox 571 1021 630 1058; x_wconf 90' lang='lat' dir='ltr'>Ne</span> <span class='ocrx_word' id='word_1_98' title='bbox 650 1020 798 1058; x_wconf 84' lang='lat' dir='ltr'>veniam</span> <span class='ocrx_word' id='word_1_99' title='bbox 819 1021 1007 1066; x_wconf 81' lang='lat' dir='ltr'>oraveris,&#39;</span> <span class='ocrx_word' id='word_1_100' title='bbox 1028 1020 1163 1069; x_wconf 88' lang='lat' dir='ltr'>iuquit,</span> <span class='ocrx_word' id='word_1_101' title='bbox 1183 1024 1191 1040; x_wconf 80' lang='lat'>‘</span> <span class='ocrx_word' id='word_1_102' title='bbox 1204 1033 1290 1057; x_wconf 86' lang='lat' dir='ltr'>nam</span> <span class='ocrx_word' id='word_1_103' title='bbox 1313 1019 1371 1057; x_wconf 87' lang='lat' dir='ltr'>hic</span> <span class='ocrx_word' id='word_1_104' title='bbox 1391 1033 1539 1069; x_wconf 89' lang='lat' dir='ltr'>quoque</span> 
     </span>
     <span class='ocr_line' id='line_1_14' title="bbox 153 1089 469 1127; baseline 0 -1"><span class='ocrx_word' id='word_1_105' title='bbox 153 1095 209 1126; x_wconf 86' lang='lat' dir='ltr'>est</span> <span class='ocrx_word' id='word_1_106' title='bbox 228 1089 469 1127; x_wconf 57' lang='lat' dir='ltr'>Alexander]</span> 
     </span>
    </p>
   </div>
   <div class='ocr_carea' id='block_1_5' title="bbox 593 1224 1107 1276">
    <p class='ocr_par' dir='ltr' id='par_1_5' title="bbox 593 1224 1107 1276">
     <span class='ocr_line' id='line_1_15' title="bbox 593 1224 1107 1276; baseline -0.006 -11"><span class='ocrx_word' id='word_1_107' title='bbox 593 1224 789 1276; x_wconf 69' lang='lat' dir='ltr'>Scytlcz&#39;cm</span> <span class='ocrx_word' id='word_1_108' title='bbox 810 1224 1107 1263; x_wconf 79' lang='lat' dir='ltr'>ambassadors.</span> 
     </span>
    </p>
   </div>
   <div class='ocr_carea' id='block_1_6' title="bbox 149 1317 1537 2388">
    <p class='ocr_par' dir='ltr' id='par_1_6' title="bbox 149 1317 1537 2388">
     <span class='ocr_line' id='line_1_16' title="bbox 202 1317 1537 1367; baseline -0.004 -8"><span class='ocrx_word' id='word_1_109' title='bbox 202 1319 593 1363; x_wconf 72' lang='lat' dir='ltr'>272.—-Alexandor‚</span> <span class='ocrx_word' id='word_1_110' title='bbox 616 1318 868 1355; x_wconf 78' lang='lat' dir='ltr'>Macedonum</span> <span class='ocrx_word' id='word_1_111' title='bbox 896 1331 974 1365; x_wconf 83' lang='lat' dir='ltr'>rex,</span> <span class='ocrx_word' id='word_1_112' title='bbox 1006 1317 1185 1355; x_wconf 84' lang='lat' dir='ltr'>adversus</span> <span class='ocrx_word' id='word_1_113' title='bbox 1209 1318 1369 1366; x_wconf 81' lang='lat' dir='ltr'>Scythas</span> <span class='ocrx_word' id='word_1_114' title='bbox 1389 1318 1537 1367; x_wconf 85' lang='lat' dir='ltr'>expedi-</span> 
     </span>
     <span class='ocr_line' id='line_1_17' title="bbox 151 1385 1533 1436; baseline -0.001 -12"><span class='ocrx_word' id='word_1_115' title='bbox 151 1388 293 1425; x_wconf 88' lang='lat' dir='ltr'>tionem</span> <span class='ocrx_word' id='word_1_116' title='bbox 312 1386 410 1424; x_wconf 89' lang='lat' dir='ltr'>fecit.</span> <span class='ocrx_word' id='word_1_117' title='bbox 457 1386 589 1436; x_wconf 81' lang='lat' dir='ltr'>Legati</span> <span class='ocrx_word' id='word_1_118' title='bbox 610 1386 847 1435; x_wconf 80' lang='lat' dir='ltr'>Scytharum,</span> <span class='ocrx_word' id='word_1_119' title='bbox 864 1399 980 1435; x_wconf 89' lang='lat' dir='ltr'>quum</span> <span class='ocrx_word' id='word_1_120' title='bbox 999 1385 1100 1434; x_wconf 83' lang='lat' dir='ltr'>apud</span> <span class='ocrx_word' id='word_1_121' title='bbox 1119 1398 1245 1435; x_wconf 88' lang='lat' dir='ltr'>regem</span> <span class='ocrx_word' id='word_1_122' title='bbox 1263 1385 1533 1434; x_wconf 86' lang='lat' dir='ltr'>pervenissent,</span> 
     </span>
     <span class='ocr_line' id='line_1_18' title="bbox 151 1453 1537 1502; baseline -0.002 -10"><span class='ocrx_word' id='word_1_123' title='bbox 151 1456 190 1492; x_wconf 93' lang='lat' dir='ltr'>in</span> <span class='ocrx_word' id='word_1_124' title='bbox 217 1455 318 1492; x_wconf 91' lang='lat' dir='ltr'>hunc</span> <span class='ocrx_word' id='word_1_125' title='bbox 350 1454 506 1492; x_wconf 88' lang='lat' dir='ltr'>modum</span> <span class='ocrx_word' id='word_1_126' title='bbox 533 1467 619 1491; x_wconf 87' lang='lat' dir='ltr'>eum</span> <span class='ocrx_word' id='word_1_127' title='bbox 650 1454 803 1491; x_wconf 85' lang='lat' dir='ltr'>allocuti</span> <span class='ocrx_word' id='word_1_128' title='bbox 831 1467 910 1491; x_wconf 87' lang='lat' dir='ltr'>esse</span> <span class='ocrx_word' id='word_1_129' title='bbox 943 1453 1143 1490; x_wconf 88' lang='lat' dir='ltr'>dicuntur:</span> <span class='ocrx_word' id='word_1_130' title='bbox 1184 1453 1246 1490; x_wconf 81' lang='lat' dir='ltr'>‘Si</span> <span class='ocrx_word' id='word_1_131' title='bbox 1273 1453 1344 1491; x_wconf 90' lang='lat' dir='ltr'>tibi</span> <span class='ocrx_word' id='word_1_132' title='bbox 1372 1453 1537 1502; x_wconf 87' lang='lat' dir='ltr'>corporis</span> 
     </span>
     <span class='ocr_line' id='line_1_19' title="bbox 151 1521 1537 1572; baseline -0.002 -12"><span class='ocrx_word' id='word_1_133' title='bbox 151 1522 453 1572; x_wconf 83' lang='lat' dir='ltr'>magnitudinem</span> <span class='ocrx_word' id='word_1_134' title='bbox 490 1522 616 1559; x_wconf 83' lang='lat' dir='ltr'>animo</span> <span class='ocrx_word' id='word_1_135' title='bbox 654 1535 783 1571; x_wconf 88' lang='lat' dir='ltr'>parem</span> <span class='ocrx_word' id='word_1_136' title='bbox 819 1522 858 1558; x_wconf 70' lang='lat' dir='ltr'>(li</span> <span class='ocrx_word' id='word_1_137' title='bbox 895 1521 1100 1569; x_wconf 86' lang='lat' dir='ltr'>dedissent,</span> <span class='ocrx_word' id='word_1_138' title='bbox 1140 1534 1216 1558; x_wconf 90' lang='lat' dir='ltr'>non</span> <span class='ocrx_word' id='word_1_139' title='bbox 1252 1525 1290 1558; x_wconf 90' lang='lat' dir='ltr'>te</span> <span class='ocrx_word' id='word_1_140' title='bbox 1327 1521 1537 1558; x_wconf 89' lang='lat' dir='ltr'>contineret</span> 
     </span>
     <span class='ocr_line' id='line_1_20' title="bbox 152 1588 1534 1638; baseline -0.001 -11"><span class='ocrx_word' id='word_1_141' title='bbox 152 1590 316 1628; x_wconf 86' lang='lat' dir='ltr'>mundus</span> <span class='ocrx_word' id='word_1_142' title='bbox 344 1590 564 1627; x_wconf 88' lang='lat' dir='ltr'>universus:</span> <span class='ocrx_word' id='word_1_143' title='bbox 598 1590 716 1627; x_wconf 85' lang='lat' dir='ltr'>altera</span> <span class='ocrx_word' id='word_1_144' title='bbox 748 1590 849 1626; x_wconf 84' lang='lat' dir='ltr'>enim</span> <span class='ocrx_word' id='word_1_145' title='bbox 881 1602 996 1625; x_wconf 84' lang='lat' dir='ltr'>manu</span> <span class='ocrx_word' id='word_1_146' title='bbox 1025 1588 1209 1625; x_wconf 81' lang='lat' dir='ltr'>orientem</span> <span class='ocrx_word' id='word_1_147' title='bbox 1237 1588 1352 1625; x_wconf 87' lang='lat' dir='ltr'>solem</span> <span class='ocrx_word' id='word_1_148' title='bbox 1378 1593 1534 1638; x_wconf 82' lang='lat' dir='ltr'>petereS‚</span> 
     </span>
     <span class='ocr_line' id='line_1_21' title="bbox 151 1656 1536 1706; baseline -0.001 -11"><span class='ocrx_word' id='word_1_149' title='bbox 151 1659 270 1696; x_wconf 87' lang='lat' dir='ltr'>altera</span> <span class='ocrx_word' id='word_1_150' title='bbox 288 1658 544 1705; x_wconf 55' lang='lat' dir='ltr'>occidentem</span> <span class='ocrx_word' id='word_1_151' title='bbox 572 1671 695 1706; x_wconf 85' lang='lat' dir='ltr'>neque</span> <span class='ocrx_word' id='word_1_152' title='bbox 714 1658 786 1695; x_wconf 93' lang='lat' dir='ltr'>hoc</span> <span class='ocrx_word' id='word_1_153' title='bbox 805 1662 1017 1703; x_wconf 71' lang='lat' dir='ltr'>contentus,</span> <span class='ocrx_word' id='word_1_154' title='bbox 1037 1656 1103 1694; x_wconf 89' lang='lat' dir='ltr'>ubi</span> <span class='ocrx_word' id='word_1_155' title='bbox 1128 1656 1183 1693; x_wconf 91' lang='lat' dir='ltr'>sol</span> <span class='ocrx_word' id='word_1_156' title='bbox 1211 1657 1332 1694; x_wconf 89' lang='lat' dir='ltr'>lucem</span> <span class='ocrx_word' id='word_1_157' title='bbox 1360 1656 1536 1693; x_wconf 89' lang='lat' dir='ltr'>conderet</span> 
     </span>
     <span class='ocr_line' id='line_1_22' title="bbox 151 1724 1535 1774; baseline -0.002 -11"><span class='ocrx_word' id='word_1_158' title='bbox 151 1726 244 1763; x_wconf 81' lang='lat' dir='ltr'>scire</span> <span class='ocrx_word' id='word_1_159' title='bbox 273 1739 435 1774; x_wconf 86' lang='lat' dir='ltr'>cuperes.</span> <span class='ocrx_word' id='word_1_160' title='bbox 492 1725 555 1762; x_wconf 84' lang='lat' dir='ltr'>Ab</span> <span class='ocrx_word' id='word_1_161' title='bbox 584 1725 736 1774; x_wconf 82' lang='lat' dir='ltr'>Europa</span> <span class='ocrx_word' id='word_1_162' title='bbox 763 1725 861 1773; x_wconf 85' lang='lat' dir='ltr'>petis</span> <span class='ocrx_word' id='word_1_163' title='bbox 893 1724 1036 1770; x_wconf 82' lang='lat' dir='ltr'>Asiam,</span> <span class='ocrx_word' id='word_1_164' title='bbox 1071 1724 1119 1761; x_wconf 88' lang='lat' dir='ltr'>ab</span> <span class='ocrx_word' id='word_1_165' title='bbox 1150 1724 1243 1761; x_wconf 86' lang='lat' dir='ltr'>Asia</span> <span class='ocrx_word' id='word_1_166' title='bbox 1274 1724 1313 1760; x_wconf 89' lang='lat' dir='ltr'>in</span> <span class='ocrx_word' id='word_1_167' title='bbox 1346 1724 1535 1772; x_wconf 81' lang='lat' dir='ltr'>Europam</span> 
     </span>
     <span class='ocr_line' id='line_1_23' title="bbox 150 1790 1533 1841; baseline -0.002 -11"><span class='ocrx_word' id='word_1_168' title='bbox 150 1793 358 1831; x_wconf 87' lang='lat' dir='ltr'>contendis.</span> <span class='ocrx_word' id='word_1_169' title='bbox 414 1793 507 1838; x_wconf 89' lang='lat' dir='ltr'>Iam,</span> <span class='ocrx_word' id='word_1_170' title='bbox 528 1792 677 1829; x_wconf 82' lang='lat' dir='ltr'>devicto</span> <span class='ocrx_word' id='word_1_171' title='bbox 706 1792 903 1829; x_wconf 87' lang='lat' dir='ltr'>hominum</span> <span class='ocrx_word' id='word_1_172' title='bbox 931 1804 1067 1841; x_wconf 87' lang='lat' dir='ltr'>genere</span> <span class='ocrx_word' id='word_1_173' title='bbox 1094 1791 1282 1836; x_wconf 80' lang='lat' dir='ltr'>universo,</span> <span class='ocrx_word' id='word_1_174' title='bbox 1305 1804 1390 1828; x_wconf 91' lang='lat' dir='ltr'>cum</span> <span class='ocrx_word' id='word_1_175' title='bbox 1418 1790 1533 1836; x_wconf 82' lang='lat' dir='ltr'>silvis,</span> 
     </span>
     <span class='ocr_line' id='line_1_24' title="bbox 151 1858 1535 1909; baseline -0.002 -11"><span class='ocrx_word' id='word_1_176' title='bbox 151 1862 286 1907; x_wconf 82' lang='lat' dir='ltr'>fluviis,</span> <span class='ocrx_word' id='word_1_177' title='bbox 315 1861 478 1907; x_wconf 87' lang='lat' dir='ltr'>nivibus,</span> <span class='ocrx_word' id='word_1_178' title='bbox 508 1861 650 1906; x_wconf 88' lang='lat' dir='ltr'>bestiis,</span> <span class='ocrx_word' id='word_1_179' title='bbox 679 1860 819 1897; x_wconf 89' lang='lat' dir='ltr'>bellum</span> <span class='ocrx_word' id='word_1_180' title='bbox 849 1860 906 1896; x_wconf 82' lang='lat' dir='ltr'>vis</span> <span class='ocrx_word' id='word_1_181' title='bbox 933 1872 1072 1909; x_wconf 88' lang='lat' dir='ltr'>gerere.</span> <span class='ocrx_word' id='word_1_182' title='bbox 1139 1858 1266 1905; x_wconf 58' lang='lat' dir='ltr'>Quid?</span> <span class='ocrx_word' id='word_1_183' title='bbox 1325 1859 1387 1895; x_wconf 90' lang='lat' dir='ltr'>An</span> <span class='ocrx_word' id='word_1_184' title='bbox 1416 1859 1535 1895; x_wconf 88' lang='lat' dir='ltr'>nescis</span> 
     </span>
     <span class='ocr_line' id='line_1_25' title="bbox 150 1926 1535 1979; baseline -0.003 -12"><span class='ocrx_word' id='word_1_185' title='bbox 150 1942 304 1979; x_wconf 84' lang='lat' dir='ltr'>magnas</span> <span class='ocrx_word' id='word_1_186' title='bbox 323 1929 475 1966; x_wconf 89' lang='lat' dir='ltr'>arbores</span> <span class='ocrx_word' id='word_1_187' title='bbox 494 1928 687 1966; x_wconf 91' lang='lat' dir='ltr'>interdum</span> <span class='ocrx_word' id='word_1_188' title='bbox 706 1928 817 1965; x_wconf 89' lang='lat' dir='ltr'>unius</span> <span class='ocrx_word' id='word_1_189' title='bbox 835 1928 949 1965; x_wconf 87' lang='lat' dir='ltr'>horae</span> <span class='ocrx_word' id='word_1_190' title='bbox 969 1927 1091 1977; x_wconf 83' lang='lat' dir='ltr'>spatio</span> <span class='ocrx_word' id='word_1_191' title='bbox 1110 1927 1259 1976; x_wconf 72' lang='lat' dir='ltr'>perire‘l</span> <span class='ocrx_word' id='word_1_192' title='bbox 1310 1926 1460 1964; x_wconf 86' lang='lat' dir='ltr'>Stultus</span> <span class='ocrx_word' id='word_1_193' title='bbox 1478 1932 1535 1964; x_wconf 90' lang='lat' dir='ltr'>est</span> 
     </span>
     <span class='ocr_line' id='line_1_26' title="bbox 149 1993 1531 2046; baseline -0.001 -12"><span class='ocrx_word' id='word_1_194' title='bbox 149 1997 214 2046; x_wconf 86' lang='lat' dir='ltr'>qui</span> <span class='ocrx_word' id='word_1_195' title='bbox 234 1997 357 2034; x_wconf 89' lang='lat' dir='ltr'>fructu</span> <span class='ocrx_word' id='word_1_196' title='bbox 377 2009 506 2033; x_wconf 88' lang='lat' dir='ltr'>earum</span> <span class='ocrx_word' id='word_1_197' title='bbox 533 1996 648 2045; x_wconf 91' lang='lat' dir='ltr'>potiri</span> <span class='ocrx_word' id='word_1_198' title='bbox 667 1996 771 2041; x_wconf 85' lang='lat' dir='ltr'>velit,</span> <span class='ocrx_word' id='word_1_199' title='bbox 792 2000 996 2044; x_wconf 86' lang='lat' dir='ltr'>antequam</span> <span class='ocrx_word' id='word_1_200' title='bbox 1021 1994 1263 2032; x_wconf 85' lang='lat' dir='ltr'>altitudinem</span> <span class='ocrx_word' id='word_1_201' title='bbox 1281 2007 1454 2031; x_wconf 88' lang='lat' dir='ltr'>emensus</span> <span class='ocrx_word' id='word_1_202' title='bbox 1473 1993 1531 2032; x_wconf 82' lang='lat' dir='ltr'>sit.</span> 
     </span>
     <span class='ocr_line' id='line_1_27' title="bbox 150 2061 1533 2112; baseline -0.002 -11"><span class='ocrx_word' id='word_1_203' title='bbox 150 2065 263 2110; x_wconf 84' lang='lat' dir='ltr'>Cave,</span> <span class='ocrx_word' id='word_1_204' title='bbox 282 2077 341 2112; x_wconf 88' lang='lat' dir='ltr'>ne,</span> <span class='ocrx_word' id='word_1_205' title='bbox 362 2064 454 2101; x_wconf 90' lang='lat' dir='ltr'>dum</span> <span class='ocrx_word' id='word_1_206' title='bbox 476 2065 515 2100; x_wconf 89' lang='lat' dir='ltr'>in</span> <span class='ocrx_word' id='word_1_207' title='bbox 535 2076 721 2100; x_wconf 84' lang='lat' dir='ltr'>summam</span> <span class='ocrx_word' id='word_1_208' title='bbox 749 2063 922 2100; x_wconf 85' lang='lat' dir='ltr'>arborem</span> <span class='ocrx_word' id='word_1_209' title='bbox 950 2062 1150 2100; x_wconf 81' lang='lat' dir='ltr'>ascendere</span> <span class='ocrx_word' id='word_1_210' title='bbox 1178 2061 1334 2108; x_wconf 84' lang='lat' dir='ltr'>conaris,</span> <span class='ocrx_word' id='word_1_211' title='bbox 1355 2061 1402 2098; x_wconf 89' lang='lat' dir='ltr'>de</span> <span class='ocrx_word' id='word_1_212' title='bbox 1420 2062 1533 2098; x_wconf 77' lang='lat' dir='ltr'>ramis</span> 
     </span>
     <span class='ocr_line' id='line_1_28' title="bbox 150 2133 1533 2172; baseline -0.001 -1"><span class='ocrx_word' id='word_1_213' title='bbox 150 2134 310 2172; x_wconf 88' lang='lat' dir='ltr'>decidas.</span> <span class='ocrx_word' id='word_1_214' title='bbox 380 2133 546 2171; x_wconf 89' lang='lat' dir='ltr'>Leonem</span> <span class='ocrx_word' id='word_1_215' title='bbox 583 2133 775 2171; x_wconf 87' lang='lat' dir='ltr'>interdum</span> <span class='ocrx_word' id='word_1_216' title='bbox 813 2134 1017 2171; x_wconf 87' lang='lat' dir='ltr'>comedunt</span> <span class='ocrx_word' id='word_1_217' title='bbox 1052 2147 1150 2171; x_wconf 86' lang='lat' dir='ltr'>aves.</span> <span class='ocrx_word' id='word_1_218' title='bbox 1219 2133 1327 2170; x_wconf 88' lang='lat' dir='ltr'>Nihil</span> <span class='ocrx_word' id='word_1_219' title='bbox 1363 2137 1421 2170; x_wconf 88' lang='lat' dir='ltr'>est</span> <span class='ocrx_word' id='word_1_220' title='bbox 1455 2137 1533 2170; x_wconf 89' lang='lat' dir='ltr'>tam</span> 
     </span>
     <span class='ocr_line' id='line_1_29' title="bbox 149 2201 1532 2252; baseline -0.001 -12"><span class='ocrx_word' id='word_1_221' title='bbox 149 2203 246 2240; x_wconf 89' lang='lat' dir='ltr'>forte</span> <span class='ocrx_word' id='word_1_222' title='bbox 274 2202 366 2252; x_wconf 90' lang='lat' dir='ltr'>quin</span> <span class='ocrx_word' id='word_1_223' title='bbox 393 2203 516 2252; x_wconf 84' lang='lat' dir='ltr'>frangi</span> <span class='ocrx_word' id='word_1_224' title='bbox 548 2203 678 2251; x_wconf 89' lang='lat' dir='ltr'>possit.</span> <span class='ocrx_word' id='word_1_225' title='bbox 736 2202 835 2249; x_wconf 79' lang='lat' dir='ltr'>Quid</span> <span class='ocrx_word' id='word_1_226' title='bbox 865 2202 935 2240; x_wconf 87' lang='lat' dir='ltr'>tibi</span> <span class='ocrx_word' id='word_1_227' title='bbox 967 2202 1162 2239; x_wconf 87' lang='lat' dir='ltr'>nobiscum</span> <span class='ocrx_word' id='word_1_228' title='bbox 1190 2203 1273 2239; x_wconf 62' lang='lat' dir='ltr'>esti</span> <span class='ocrx_word' id='word_1_229' title='bbox 1327 2201 1532 2251; x_wconf 89' lang='lat' dir='ltr'>Nunquam</span> 
     </span>
     <span class='ocr_line' id='line_1_30' title="bbox 150 2269 1533 2321; baseline -0.001 -13"><span class='ocrx_word' id='word_1_230' title='bbox 150 2272 189 2308; x_wconf 90' lang='lat' dir='ltr'>in</span> <span class='ocrx_word' id='word_1_231' title='bbox 207 2275 291 2308; x_wconf 87' lang='lat' dir='ltr'>tuas</span> <span class='ocrx_word' id='word_1_232' title='bbox 309 2271 480 2321; x_wconf 85' lang='lat' dir='ltr'>regiones</span> <span class='ocrx_word' id='word_1_233' title='bbox 499 2271 677 2307; x_wconf 87' lang='lat' dir='ltr'>inivimus</span> <span class='ocrx_word' id='word_1_234' title='bbox 693 2285 700 2308; x_wconf 75' lang='grc' dir='ltr'>ε</span> <span class='ocrx_word' id='word_1_235' title='bbox 729 2283 850 2319; x_wconf 86' lang='lat' dir='ltr'>neque</span> <span class='ocrx_word' id='word_1_236' title='bbox 870 2270 1044 2319; x_wconf 85' lang='lat' dir='ltr'>cuiquam</span> <span class='ocrx_word' id='word_1_237' title='bbox 1063 2282 1195 2318; x_wconf 86' lang='lat' dir='ltr'>parere</span> <span class='ocrx_word' id='word_1_238' title='bbox 1213 2269 1388 2307; x_wconf 87' lang='lat' dir='ltr'>volumus</span> <span class='ocrx_word' id='word_1_239' title='bbox 1412 2282 1533 2319; x_wconf 87' lang='lat' dir='ltr'>neque</span> 
     </span>
     <span class='ocr_line' id='line_1_31' title="bbox 150 2335 1532 2388; baseline -0.001 -14"><span class='ocrx_word' id='word_1_240' title='bbox 150 2339 355 2388; x_wconf 84' lang='lat' dir='ltr'>imperare:</span> <span class='ocrx_word' id='word_1_241' title='bbox 387 2338 479 2374; x_wconf 85' lang='lat' dir='ltr'>nihil</span> <span class='ocrx_word' id='word_1_242' title='bbox 511 2338 580 2374; x_wconf 87' lang='lat' dir='ltr'>tibi</span> <span class='ocrx_word' id='word_1_243' title='bbox 609 2338 756 2374; x_wconf 84' lang='lat' dir='ltr'>auferre</span> <span class='ocrx_word' id='word_1_244' title='bbox 785 2337 971 2383; x_wconf 76' lang='lat' dir='ltr'>volumus,</span> <span class='ocrx_word' id='word_1_245' title='bbox 1026 2337 1084 2373; x_wconf 89' lang='lat' dir='ltr'>Tu</span> <span class='ocrx_word' id='word_1_246' title='bbox 1114 2340 1241 2374; x_wconf 86' lang='lat' dir='ltr'>autem</span> <span class='ocrx_word' id='word_1_247' title='bbox 1275 2337 1340 2385; x_wconf 87' lang='lat' dir='ltr'>qui</span> <span class='ocrx_word' id='word_1_248' title='bbox 1374 2335 1466 2373; x_wconf 89' lang='lat' dir='ltr'>dicis</span> <span class='ocrx_word' id='word_1_249' title='bbox 1494 2340 1532 2373; x_wconf 89' lang='lat' dir='ltr'>te</span> 
     </span>
    </p>
   </div>
  </div>
 </body>
</html>
