1591 2492
61 68 166 94 PART
184 58 252 108 1v.]
481 56 771 93 THRACIAN
801 54 1018 92 SUTTEE.
1398 61 1444 98 55

58 181 146 218 citia
164 194 277 230 quam
296 194 380 219 cum
398 182 544 219 medico
564 181 728 231 quodam
746 180 949 218 habuisset.
1008 177 1163 224 Deinde,
1184 189 1301 226 quum
1318 188 1386 212 rex
1405 187 1443 211 se

58 248 110 286 illi
139 249 378 298 permisisset,
408 249 561 286 Graecis
590 248 771 286 adhibitis
798 245 1082 284 medicamentis
1114 250 1153 282 et
1181 243 1329 281 lenibus
1360 245 1448 291 post

59 317 337 354 vehementiora
357 317 530 361 admotis,
552 317 675 354 effecit
693 322 736 354 ut
755 322 793 354 et
812 329 986 354 somnum
1016 318 1165 364 caperet
1183 326 1262 360 rex,
1283 316 1322 350 et
1339 310 1446 349 brevi

62 405 224 440 :vuvpore
245 404 378 428 sanum
394 389 696 438 incolumemque
715 385 918 437 praestitit,
942 396 1062 433 quum
1079 394 1277 431 nunquam
1295 383 1440 418 rectum

60 460 162 508 palis
183 471 290 496 usum
310 471 348 495 se
367 462 604 505 recepturum
624 457 818 503 sperasset.

630 586 681 624 H
681 585 717 624 is
739 583 913 624 reward.

113 674 363 715 164.—1nde
377 674 521 711 duabus
534 672 655 710 aureis
669 671 912 720 compedibus
925 668 1087 706 donatus
1102 680 1124 704 a
1138 665 1256 703 Dario
1270 664 1450 702 Demooe-

54 744 120 780 des
141 744 290 792 quaerit
309 754 359 779 ex
387 754 486 791 rege,
508 743 516 760 ‘
533 751 625 776 num
645 736 816 775 consulto
836 734 981 785 duplex
999 735 1143 773 malum
1169 734 1317 781 reddat,
1347 733 1448 783 quod

56 818 189 842 sanum
204 805 311 842 illum
323 805 555 855 praestiterit
571 807 584 842 2
597 805 604 820 ’
643 805 725 852 Quo
738 805 855 842 verbo
867 804 1075 842 delectatus
1087 804 1237 852 Darius,
1252 804 1300 843 ad
1312 817 1449 842 uxores

57 886 140 910 suas
173 887 259 911 eum
291 873 502 923 ablegavit,
541 873 676 922 quibus
714 873 822 920 servi,
853 886 939 910 eum
966 872 1227 923 producentes,
1256 872 1449 919 dixerunt,

58 945 66 961 ‘
82 955 160 978 esse
180 942 280 979 hunc
308 941 372 990 qui
391 941 510 978 vitam
528 941 608 991 regi
630 941 903 991 praestitisset.’
976 941 1075 978 Tum
1103 954 1233 978 earum
1263 954 1452 990 unaquae-

57 1024 128 1059 que
147 1010 275 1060 phiala
293 1023 427 1047 aurum
446 1023 465 1047 e
486 1010 578 1047 cista
596 1010 785 1055 hauriens,
806 1015 886 1047 tam
905 1009 1009 1059 largo
1028 1023 1185 1047 munere
1205 1009 1287 1047 auri
1314 1009 1452 1047 Demo-

57 1077 172 1115 ceden
200 1077 368 1123 donavit,
389 1082 432 1114 ut
459 1077 633 1124 famulus,
654 1077 718 1126 qui
746 1090 832 1114 eum
860 1077 1098 1126 sequebatur,
1119 1076 1178 1114 cui
1204 1090 1343 1114 nomen
1370 1081 1454 1115 erat

57 1144 211 1191 Scitoni,
232 1158 280 1182 ex
312 1145 514 1182 stateribus
544 1145 609 1194 qui
640 1145 680 1182 in
712 1149 853 1182 terram
885 1144 1114 1192 deciderant,
1148 1145 1343 1196 ingentem
1369 1146 1449 1183 auri

57 1213 135 1250 vim
155 1213 226 1251 sibi
245 1212 446 1263 colligeret.

308 1377 539 1415 V111.—A
568 1379 891 1417 THRACIAN
923 1380 1170 1416 SUTTEE.

113 1469 381 1519 165.-Apud
401 1467 565 1508 Thracas
584 1471 645 1508 hic
664 1484 745 1508 mos
764 1471 988 1509 instituitur.
1047 1471 1198 1509 Uxores
1218 1470 1376 1521 quisque
1394 1472 1447 1509 vii

57 1539 183 1589 plures
201 1539 326 1579 habet.
386 1539 543 1576 Mortuo
563 1544 690 1576 autem
708 1539 802 1585 viro,
820 1553 958 1589 magna
976 1539 1020 1577 fit
1038 1539 1139 1577 inter
1156 1553 1293 1577 uxores
1313 1540 1456 1590 discep-

58 1607 164 1654 tatio,
181 1620 366 1656 quaenam
382 1622 430 1646 ex
444 1607 626 1655 uxoribus
643 1607 833 1644 carissima
847 1607 962 1645 suerit
976 1607 1124 1646 marito.
1180 1607 1341 1654 Deinde,
1358 1621 1407 1658 qu
1415 1621 1457 1646 ae

59 1675 144 1712 talis
172 1689 251 1713 esse
279 1676 444 1714 iudicata
472 1680 540 1721 est,
561 1674 636 1721 illa,
658 1688 679 1712 a
697 1675 788 1712 viris
808 1680 847 1712 et
865 1675 1085 1713 mulieribus
1105 1675 1330 1723 collaudata,
1350 1676 1458 1726 iugu-

59 1742 159 1780 latur
177 1756 289 1793 super
303 1744 450 1781 tumulo
470 1743 517 1780 ab
531 1743 754 1792 propinquis
771 1758 778 1781 ε
805 1747 888 1780 tum
906 1757 983 1781 una
1001 1757 1086 1781 cum
1104 1743 1241 1781 marito
1262 1743 1451 1794 sepelitur.

59 1809 240 1860 Reliquae
258 1824 348 1849 vero
366 1824 525 1861 magnae
545 1810 616 1848 sibi
635 1810 842 1848 calamitati
861 1810 900 1848 id
920 1824 999 1849 esse
1018 1811 1262 1849 arbitrantur.

439 1986 614 2022 IX.——A
646 1986 809 2022 LAKE
838 1985 1119 2022 VILLAGE.

114 2075 405 2114 lea—Lacum
420 2075 640 2112 Prasiadem
655 2088 746 2125 gens
761 2075 893 2112 incolit
904 2075 973 2112 tali
985 2075 1110 2113 modo.
1150 2076 1264 2114 Stant
1274 2076 1315 2114 in
1330 2075 1455 2115 medio

60 2141 142 2179 lacu
161 2143 342 2189 tabulata,
360 2143 446 2180 altis
465 2143 560 2192 palis
579 2142 752 2189 instrata,
773 2156 868 2192 quae
896 2148 1099 2193 angustum
1126 2143 1270 2181 habent
1297 2158 1345 2182 ex
1372 2158 1448 2183 con-

61 2210 206 2248 tinente
225 2210 381 2250 aditum.
440 2211 712 2260 Unusquisque
731 2211 791 2248 vir
813 2224 925 2260 super
950 2212 1131 2249 tabulatis
1159 2212 1233 2250 inis
1261 2213 1451 2263 tuguriun.

59 2277 186 2324 habet,
218 2278 259 2315 in
291 2292 364 2328 quo
397 2279 517 2316 vitam
549 2279 638 2328 agit.
694 2279 879 2316 Parvulos
912 2285 1039 2318 autem
1070 2295 1206 2330 pueros
1238 2283 1455 2333 puellasque

60 2345 213 2383 funibus
228 2359 276 2383 ex
289 2346 385 2395 pede
401 2346 570 2396 alligant,
583 2346 696 2384 veriti
710 2359 758 2383 ne
772 2346 1033 2397 imprudentes
1052 2349 1091 2386 in
1110 2363 1247 2398 aquam
1266 2350 1452 2390 decidant.
