1591 2492
50 79 214 131 PART1.]
330 81 446 116 THE
476 81 724 118 LABOURS
755 81 823 118 OF
852 80 1153 117 HERCULES.
1397 92 1438 127 15

47 199 202 236 minime
220 199 423 236 honestum
441 198 521 235 est.'
575 197 709 246 Itaque
729 196 983 233 Athenienses
1011 209 1058 232 ne
1086 195 1261 233 auditum
1284 195 1438 244 quidem

47 266 246 304 consilium
266 270 500 316 spreverunt.

465 415 506 453 Z
507 414 622 454 euxis
641 414 731 452 and
747 413 1022 452 Parrhasius.

100 519 372 559 54.—Zeuxjs
400 523 439 556 et
467 519 689 555 Parrhasius
717 518 879 567 pictores
907 515 1142 555 celeberrimi
1168 515 1334 553 suerunt.
1390 514 1445 551 Hi

51 585 142 622 olim
170 585 271 622 inter
299 597 337 622 se
357 584 404 622 de
424 590 505 622 arte
525 586 819 624 contendebant.
876 585 1015 622 Zeuxis
1043 585 1166 634 primo
1185 599 1279 623 uvas
1307 585 1446 634 pinxit.

51 653 153 691 Aves
185 653 225 690 in
260 652 432 690 tabulam
463 653 707 700 advolabant,
739 667 832 691 uvas
861 653 1057 691 comedere
1087 654 1290 703 cupientes,
1349 653 1448 691 Tum

49 721 273 759 Parrhasius
302 734 472 770 pannum
500 722 638 771 pinxit.
696 722 836 759 Zeuxis
868 727 996 759 autem
1024 721 1174 759 artificii
1202 721 1315 758 huius
1343 722 1447 760 modi

52 788 216 838 ignarus,
236 787 438 825 Parrhasio
457 787 557 824 dixit
573 803 580 825 :
611 792 619 808 ‘
633 787 756 825 Aufer
774 801 944 840 pannum
955 803 966 835 3
994 789 1166 826 tabulam
1185 789 1315 826 videre
1334 789 1445 827 volo.'

53 856 148 893 Mox
166 856 359 893 intellecto
387 869 512 893 errore
540 856 663 895 dixit:
693 859 702 875 ‘
721 858 755 893 A
782 859 822 894 te
848 857 970 895 victus
998 870 1104 894 sum:
1132 870 1201 906 ego
1229 858 1328 895 enim
1358 871 1446 894 aves

53 924 193 974 decepi,
214 930 257 962 tu
277 929 402 962 autem
423 925 547 975 ipsum
569 925 739 963 Zeuxin.'

230 1165 470 1201 X.—THE
504 1165 782 1203 LABOURS
815 1166 894 1203 OF
927 1165 1270 1202 HERCULES.

554 1270 637 1308 Tlae
655 1271 842 1308 Nemean
864 1270 957 1308 lion.

105 1371 282 1411 55.—In
296 1372 395 1409 valle
411 1372 577 1410 Nemeae
593 1373 650 1410 leo
670 1373 803 1422 ingens
816 1373 981 1419 vivebat,
998 1378 1037 1410 et
1050 1386 1186 1423 pecora
1200 1373 1446 1423 hominesque

54 1440 224 1489 quotidie
252 1440 514 1478 interficiebat.
571 1441 818 1490 Eurystheus,
846 1454 914 1478 rex
941 1441 1151 1490 Tirynthis‚
1168 1441 1372 1479 Herculem
1399 1443 1447 1479 ad

54 1521 93 1545 se
125 1508 338 1556 advocavit,
359 1509 468 1558 eique
500 1509 622 1547 dixit:
653 1509 800 1547 ‘Curae
832 1510 904 1547 tibi
936 1510 986 1547 sit
1013 1510 1114 1547 hunc
1153 1510 1302 1548 leonem
1334 1524 1448 1560 quam

54 1576 246 1614 celerrime
282 1577 516 1614 interficere.'
584 1577 724 1615 Statim
768 1578 1018 1627 proficiscitur
1062 1578 1256 1616 Hercules.
1329 1578 1448 1617 Clava

55 1645 278 1694 sagittisque
297 1646 438 1682 frustra
456 1658 556 1692 usus,
578 1645 722 1695 impetu
741 1646 853 1693 facto,
874 1647 1022 1684 leonem
1050 1647 1226 1684 manibus
1244 1647 1443 1685 interfecit.

55 1713 152 1750 Tum
184 1713 233 1750 ad
264 1713 521 1761 Eurystheum
554 1727 726 1751 reversus
763 1719 831 1761 est,
865 1720 1058 1752 mortuum
1094 1716 1243 1753 leonem
1279 1716 1446 1753 humeris

54 1782 276 1831 impositum
294 1782 427 1820 ferens

519 1920 602 1959 lee
622 1921 809 1960 Lemlean
826 1922 989 1972 Hydra.

108 2024 342 2064 56.——Olim
360 2025 400 2061 in
419 2024 558 2074 palude
585 2025 808 2062 versabatur
836 2026 968 2074 hydra.
1027 2026 1132 2064 Haec
1159 2040 1297 2064 novem
1324 2028 1448 2077 capita

56 2093 232 2130 habebat.
288 2093 425 2142 Capita
444 2106 533 2130 vero
553 2098 637 2130 octo
656 2094 819 2131 abscidit
838 2094 1032 2140 Hercules,
1053 2108 1197 2131 nonum
1225 2100 1352 2132 autem
1370 2095 1449 2132 Vul-

57 2174 187 2199 nerare
218 2174 296 2199 non
327 2166 478 2211 poterat
490 2176 501 2209 5
541 2162 755 2199 immortale
787 2162 889 2200 enim
925 2168 1015 2201 erat.
1082 2164 1262 2201 Abscisso
1299 2176 1448 2213 quoque

57 2230 190 2279 capite,
210 2230 301 2267 bina
319 2231 451 2267 statim
470 2231 753 2268 enasccbantiu:
811 2231 883 2268 His
902 2231 1061 2268 tandem
1088 2232 1174 2281 igne
1203 2232 1446 2281 consumptis,

57 2303 169 2349 caput
186 2298 399 2336 immortale
419 2299 488 2336 sub
512 2312 603 2336 saxo
631 2299 778 2348 ingenti
806 2300 978 2337 condidit
1006 2300 1200 2337 Hercules.
1258 2300 1377 2337 Belua
1395 2300 1448 2337 ita

56 2368 215 2414 devicta,
239 2367 396 2417 sagittas
415 2372 604 2405 venenato
624 2368 806 2417 sanguine
826 2368 954 2405 tinxit.
