1591 2492
72 92 174 117 PART
194 80 252 130 11.]
443 67 664 117 x'ERXEs‘
695 81 1057 118 BODv-GUARD.
1398 95 1439 129 31

213 253 472 289 IV.—-—-THE
504 253 912 290 BODY-GUARD
944 254 1022 291 OF
1050 254 1307 290 XERXES.

125 350 667 395 102.—Xerxen1‚Persarum
680 363 817 399 regem,
831 351 1084 399 sequebantur
1096 351 1198 388 mille
1210 351 1367 401 pedites,
1382 353 1451 389 for-

71 418 206 454 tissimi
224 417 522 466 nobilissimique
538 417 749 463 Persarum,
770 422 911 454 erectas
927 417 1073 454 lanceas
1088 422 1282 456 tenentes:
1314 419 1451 456 deinde

70 484 134 521 alii
164 484 266 521 mille
295 485 440 533 equites
471 498 519 521 ex
555 485 680 521 Persis
712 484 860 522 selecti:
902 489 940 521 et
974 490 1061 533 post
1093 485 1248 534 equites,
1280 485 1452 534 peditum

70 551 198 589 decem
229 551 348 588 millia
384 565 403 588 e
438 551 592 600 reliquis
628 552 753 588 Persis
789 552 1034 589 selectorum:
1080 565 1240 600 quorum
1274 552 1376 590 mille
1413 554 1452 590 in

70 618 199 664 hastis,
236 631 303 667 pro
336 618 421 655 imis
458 618 686 667 cuspidibus,
724 631 836 655 aurea
871 619 1062 656 habebant
1097 619 1197 655 mala
1231 620 1377 668 punica,
1415 624 1453 656 et

69 686 233 734 reliquos
264 685 532 732 includebant3
573 686 703 723 novies
735 686 837 722 mille
870 699 971 731 vero,
1004 685 1069 734 qui
1100 686 1202 722 intra
1232 686 1301 722 hos
1332 691 1451 733 erant,

70 757 248 802 argentea
266 753 366 790 mala
383 753 520 802 punica
538 753 739 791 habebant.
795 754 922 790 Aurea
939 766 1028 790 vero
1055 753 1155 789 mala
1181 753 1317 802 punica
1343 753 1454 791 habe-

70 820 163 857 bant
195 820 308 857 etiam
340 820 406 866 illi,
441 821 505 869 qui
534 820 680 858 lanceas
712 821 751 857 in
781 825 920 858 terram
948 833 1144 857 conversas
1176 820 1379 865 tenebant3
1416 824 1455 857 et

70 887 169 924 mala
187 900 300 924 aurea
317 887 369 933 hi,
390 888 454 936 qui
474 887 640 924 Xerxem
659 888 830 936 proxime
850 888 1112 936 sequebantur.

364 1098 506 1132 V.—A
533 1097 845 1132 WEALTHY
876 1096 1156 1134 SUBJECT.

502 1209 587 1248 His
607 1209 727 1258 offers
748 1215 785 1246 to
806 1209 872 1247 tlze
891 1209 939 1246 K
942 1208 1023 1259 ing.

127 1294 384 1335 103.-Olim
402 1295 569 1331 Xerxem
588 1307 654 1342 per
668 1294 800 1331 Asiam
820 1294 892 1331 iter
910 1294 1111 1331 facientem
1130 1295 1279 1343 excepit
1294 1295 1455 1343 Pythius

73 1362 227 1411 quidam
257 1361 465 1411 magnificis
496 1361 627 1410 epulis,
659 1361 909 1410 pecuniasque
941 1361 1131 1410 pollicitus
1163 1366 1229 1399 est.
1287 1361 1361 1408 Qui
1391 1362 1456 1398 ubi

75 1429 248 1478 pecunias
277 1428 427 1475 obtulit,
448 1428 594 1465 Xerxes
621 1429 816 1465 ministros
843 1441 929 1465 suos
956 1428 1126 1477 rogavit:
1161 1428 1366 1474 ‘Quisnam
1394 1428 1457 1465 ho-

74 1497 218 1533 minum
247 1501 304 1533 est
332 1496 506 1544 Pythius,
537 1500 575 1532 et
607 1500 767 1544 quantas
798 1496 914 1532 habet
946 1495 1147 1532 divitias'l'
1213 1495 1284 1533 Oui
1316 1495 1371 1531 illi
1403 1508 1455 1531 re-

74 1563 331 1612 sponderunt:
369 1562 500 1599 ‘Idem
528 1562 588 1599 hic
619 1567 688 1608 est,
716 1562 812 1608 Rex,
842 1562 907 1611 qui
935 1562 1037 1610 patri
1064 1567 1130 1599 tuo
1159 1561 1276 1599 Dario
1305 1575 1456 1598 auream

73 1631 280 1680 platanum,
309 1643 533 1679 aureamque
564 1630 683 1667 vitem
715 1629 814 1667 dono
847 1629 977 1667 dedit:
1014 1634 1145 1678 estque
1175 1634 1262 1678 post
1288 1633 1338 1675 te,
1365 1641 1458 1677 quos

74 1698 259 1743 novimus,
305 1697 474 1734 omnium
518 1697 714 1734 hominum
758 1696 990 1734 ditissimus.’
1060 1696 1223 1733 Miratus
1268 1708 1335 1733 rex
1379 1696 1458 1744 ipse

75 1764 211 1802 deinde
239 1764 380 1813 Pythio
409 1764 533 1802 dixit:
571 1764 762 1810 ‘Quantas
794 1765 910 1801 habes
938 1763 1134 1800 divitias'l’
1201 1763 1298 1799 Tum
1336 1762 1459 1811 inquit

75 1832 260 1880 Pythius:
307 1836 315 1852 ‘
332 1832 430 1869 Sunt
470 1832 564 1869 mihi
609 1832 755 1882 argenti
799 1832 944 1869 talenta
986 1831 1045 1868 bis
1088 1830 1204 1877 mille,
1246 1830 1327 1867 auri
1371 1843 1460 1867 vero

75 1899 241 1936 maxima
268 1900 383 1948 copia.
440 1899 520 1936 Has
552 1912 621 1949 ego
652 1899 829 1948 pecunias
862 1899 933 1936 tibi
965 1898 1037 1937 do:
1078 1902 1136 1934 est
1162 1897 1264 1934 enim
1290 1896 1385 1933 mihi
1412 1909 1459 1933 ex

76 1966 272 2014 mancipiis
290 1970 403 2015 atque
422 1966 521 2016 agris
540 1966 630 2003 satis
648 1966 793 2003 victusy

528 2121 565 2158 Α
591 2119 733 2170 kingly
755 2126 1006 2169 recompensa

124 2207 354 2248 104.—His
367 2207 413 2244 ab
426 2207 491 2243 illo
504 2206 615 2242 dietis
629 2205 836 2243 delectatus
844 2205 990 2241 Xerxes
1003 2204 1215 2253 respondit:
1232 2204 1375 2252 Pythi,
1385 2202 1463 2239 nul-

79 2276 158 2313 lum
172 2274 305 2320 adhuc,
321 2277 471 2323 praeter
489 2277 538 2318 te,
558 2272 755 2309 hominum
773 2272 896 2321 reperi
910 2271 1002 2308 talia
1016 2272 1244 2308 offerentem.
1300 2270 1358 2307 Tu
1375 2281 1463 2306 vero

80 2341 274 2390 magnifice
289 2352 347 2376 me
367 2339 560 2387 excepisti,
577 2343 615 2374 et
633 2339 809 2387 pecunia-s
827 2338 1000 2386 ingentes
1018 2337 1214 2384 polliceris.
1271 2336 1357 2373 Tibi
1370 2348 1461 2385 ergo
