1591 2492
78 89 178 114 PART
195 77 262 129 1v.]
467 78 682 115 SECOND
712 76 1062 113 EXPEDITION.
1411 77 1458 122 69

76 191 248 229 marchus
262 192 401 229 electus
415 196 506 228 erat.
554 191 646 227 Erat
661 195 787 227 autem
802 194 892 226 tunc
907 188 1166 238 polemarchus
1181 187 1434 226 Callimachus
1451 203 1458 225 ι

76 270 187 307 quem
206 259 264 296 his
282 259 408 296 verbis
428 258 612 295 allocutus
632 262 688 294 est
707 256 912 293 Miltiades.

495 418 578 457 lee
595 418 726 469 speech
746 418 798 468 of
810 416 1039 456 Miltiades.

129 506 289 544 199.—‘
298 502 345 540 In
370 507 408 540 te
426 516 526 540 nunc
545 503 660 540 situm
679 507 747 548 est,
767 501 1009 547 Callimache,
1030 505 1158 538 utrum
1177 499 1270 538 velis
1288 500 1460 537 Athenas

74 571 113 608 in
132 570 353 609 servitutem
371 569 553 619 redigere,
568 582 628 615 an,
644 569 804 606 liberata
821 569 956 618 patria,
976 567 1197 605 memoriam
1215 567 1273 603 tui
1292 567 1331 603 in
1350 579 1458 604 omne

74 653 208 678 aevum
234 641 454 689 relinquere.
527 639 734 688 Nunquam
770 639 871 676 enim
907 639 947 675 in
976 642 1129 675 tantum
1158 636 1366 685 periculum
1399 636 1461 674 ad-

74 707 179 746 ducti
197 721 334 745 sumus.
382 708 423 745 Si
442 720 464 744 a
490 706 615 744 Persis
643 706 848 752 vincemur,
869 705 1062 743 decretum
1081 709 1138 742 est
1166 705 1256 754 quid
1282 704 1392 742 nobis
1412 704 1461 741 sit

75 774 307 825 patiendum,
336 775 500 824 Hippiae
528 773 689 811 deditis:
736 773 794 810 sin
822 777 950 811 autem
977 773 1147 822 superior
1182 772 1343 809 evaserit
1369 772 1461 809 haec

75 843 220 889 civitas,
250 842 410 892 primam
446 842 504 879 aio
541 842 708 879 futuram
741 854 819 879 esse
856 841 1084 879 Graecarum
1113 841 1320 878 civitatum.
1377 840 1459 887 Quo

74 914 183 958 pacto
202 909 317 958 igitur
335 908 405 946 hoc
424 909 503 946 fieri
522 909 652 957 possit,
672 921 772 945 nunc
790 908 861 945 tibi
886 908 1018 945 dicam.
1068 907 1286 945 Sententiae
1305 907 1461 955 impera-

74 982 211 1021 torum,
231 977 296 1025 qui
320 976 449 1013 decem
476 989 614 1020 sumus,
636 977 675 1012 in
694 976 787 1013 duas
815 981 941 1025 partes
968 975 1110 1012 divisae
1130 979 1240 1011 sunt:
1269 974 1351 1011 aliis
1379 987 1461 1011 con-

11 1085 20 1097 .
74 1043 281 1092 fligendum
307 1044 411 1089 ratis,
440 1044 522 1081 aliis
550 1057 626 1080 non
655 1043 947 1093 confligendum.
1004 1043 1045 1081 Si
1073 1047 1115 1079 tu
1134 1055 1239 1079 meae
1266 1043 1461 1079 accesseris

75 1109 295 1155 sententiae,
324 1109 479 1147 habebis
505 1110 662 1147 liberam
690 1111 867 1159 patriam,
896 1114 935 1146 et
963 1109 1155 1146 civitatem
1186 1108 1348 1157 primam
1382 1108 1462 1145 uni-

76 1191 204 1216 versae
217 1179 411 1217 Graeciae:
425 1180 482 1216 sin
498 1179 556 1216 his
571 1180 798 1228 suffragatus
815 1179 930 1216 fueris
946 1179 1011 1228 qui
1025 1177 1247 1215 dissuadent
1260 1177 1462 1227 proelium3

76 1246 148 1283 erit
165 1246 237 1283 tibi
256 1246 487 1283 contrarium
504 1245 668 1289 illorum,
691 1257 786 1293 quae
806 1244 1027 1290 memoravi,
1049 1243 1361 1281 commodorum.’

444 1405 742 1455 Preparatz'ons
751 1405 832 1454 for
852 1404 916 1442 tlze
933 1403 1100 1455 conflict.

129 1488 440 1536 zoa—Quibus
453 1488 563 1526 dictis
575 1488 770 1526 Miltiades
783 1489 822 1525 in
835 1501 941 1525 suam
954 1487 1181 1525 sententiam
1193 1487 1465 1526 Callimachum

78 1558 198 1595 traxit
212 1571 223 1604 3
250 1561 289 1594 et
307 1556 505 1594 accedente
533 1556 763 1605 polemarchi
782 1556 958 1605 suffragio
977 1555 1171 1592 decretum
1189 1560 1246 1592 est
1264 1560 1307 1591 ut
1320 1555 1466 1604 proelio

79 1624 354 1673 confligeretur.
409 1623 507 1660 Tum
539 1636 680 1669 eorum,
710 1623 775 1672 qui
811 1636 859 1660 ex
894 1622 1185 1672 imperatoribus
1220 1621 1466 1671 pugnandum

80 1694 312 1735 censuerant,
333 1690 501 1738 quisque,
521 1694 564 1727 ut
584 1690 663 1727 dies
683 1690 814 1727 aderat
833 1703 908 1739 quo
938 1690 1123 1738 imperare
1148 1687 1322 1734 debebat,
1348 1688 1467 1725 vicem

80 1771 186 1795 suam
204 1757 373 1794 Miltiadi
391 1757 561 1795 tradidit.
617 1757 715 1794 Tum
743 1758 783 1794 in
803 1758 922 1794 aciem
951 1756 1078 1794 educti
1097 1760 1186 1793 sunt
1203 1755 1467 1801 Athenienses,

81 1824 149 1861 tali
175 1823 288 1860 modo
316 1824 515 1861 instructi:
552 1823 688 1861 dextro
717 1837 833 1861 cornu
873 1828 1046 1873 praeerat
1072 1822 1333 1872 polemarchus
1361 1821 1470 1859 Calli-

81 1891 259 1928 machus:
287 1895 368 1928 erat
387 1891 488 1927 enim
514 1895 605 1928 tunc
624 1891 687 1927 lex
715 1890 815 1940 apud
847 1891 1113 1936 Athenienses,
1141 1894 1185 1927 ut
1211 1889 1470 1938 polemarchus

82 1959 218 1996 dextro
237 1972 352 1996 cornu
371 1964 569 2008 praeesset.
626 1959 672 1995 In
690 1959 799 1996 laevo
819 1972 935 1996 cornu
956 1959 1110 1996 stabant
1130 1959 1379 1996 Plataeenses.

508 2111 591 2150 lee
609 2111 732 2151 battle
750 2113 803 2162 of
816 2113 1055 2151 Marathon.

138 2195 389 2236 201.-Acie
416 2196 471 2233 ita
498 2195 683 2242 ordinata,
712 2209 829 2246 quum
857 2197 972 2234 caesis
998 2197 1134 2235 hostiis
1162 2196 1326 2234 secunda
1352 2197 1476 2234 omina

87 2263 262 2301 nuntiata
288 2266 424 2308 essent,
457 2262 709 2300 Athenienses
736 2263 827 2300 dato
855 2264 961 2313 signo
986 2277 1134 2313 pugnae
1153 2277 1263 2301 cursu
1281 2264 1321 2300 in
1345 2263 1473 2300 hostes

88 2328 373 2368 contenderunt.
429 2328 527 2366 Tum
545 2341 634 2366 vero
653 2329 801 2374 Persae,
820 2329 886 2366 ubi
904 2342 1013 2367 cursu
1033 2330 1212 2368 adversus
1231 2342 1270 2367 se
1289 2330 1474 2366 irruentes
