1591 2492
94 47 117 81 8
499 53 630 90 EASY
658 36 824 92 LATIN
854 59 1085 98 sToRIEs.
1307 61 1429 114 [PART
1447 77 1471 103 1.

93 159 157 196 Illi
176 160 337 199 Croesus
353 178 359 199 :
394 167 403 183 ‘
418 164 576 213 Ignosco
596 167 678 213 tibi,
698 167 872 208 Adraste.
919 171 1021 209 Illud
1040 173 1181 212 invitus
1200 175 1330 214 fecisti.
1385 178 1473 216 Non

93 231 134 264 tu
150 233 281 266 auctor
299 243 337 267 es
356 230 469 268 huius
488 233 589 279 mali,
610 234 675 271 sed
696 235 852 273 deorum
871 238 1016 287 aliquis.
1073 240 1156 278 Hoc
1175 243 1269 280 mihi
1288 245 1473 282 somnium

88 295 165 332 iam
196 297 344 345 pridem
375 299 623 348 significavit!
698 303 886 342 Adrastus
913 311 1040 343 autem
1059 320 1097 344 se
1126 308 1204 358 ipse
1224 323 1335 359 super
1362 311 1472 350 busto

88 362 283 412 iugulavit.
357 365 517 404 Croesus
549 381 650 416 vero,
679 370 756 408 filio
786 372 951 419 orbatus,
980 374 1074 412 duos
1106 389 1223 414 annos
1255 378 1402 427 ingenti
1432 380 1471 417 in

89 429 192 467 luctu
212 433 402 470 remansit.

379 599 577 635 V11.—A
610 601 964 640 CROCODILE
997 607 1185 642 HUNT.

129 694 422 733 29.——Venatio
436 697 708 735 crocodilorum
721 700 850 736 multis
863 705 975 749 atque
989 704 1102 739 variis
1114 703 1236 740 modis
1247 704 1467 742 instituitur.

85 761 171 798 Suis
190 766 329 812 tergus,
350 776 417 812 pro
437 777 520 801 esca
537 765 649 802 hamo
668 766 863 814 insertum,
879 768 918 804 in
946 768 1112 806 medium
1137 771 1276 807 flumen
1304 771 1472 809 demittit

84 833 251 867 venator.
308 830 393 879 Ipse
413 832 451 868 in
471 832 553 881 ripa
572 833 736 870 fluminis
756 834 885 871 vivum
913 836 1119 884 porcellum
1146 837 1242 874 ferit.
1299 838 1472 876 Crocodi-

84 895 154 943 lus,
171 896 301 934 audita
315 910 416 944 voce,
433 898 481 935 ad
501 912 634 936 sonum
654 901 823 938 accurrit.
880 902 926 939 In
945 907 1071 952 tergus
1087 917 1175 941 vero
1195 906 1270 941 suis
1290 905 1469 952 incidens,

83 963 179 1001 illud
206 964 380 1014 deglutit,
409 979 572 1015 moxque
600 968 639 1004 in
667 972 807 1005 terram
835 970 1048 1007 attrahitur.
1105 972 1150 1007 In
1179 978 1279 1009 terra
1307 974 1468 1010 extracti

83 1031 261 1069 crocodili
281 1033 406 1071 oculos
425 1033 506 1071 luto
526 1034 664 1072 oblinit
682 1041 848 1073 venator.
906 1038 1003 1074 Tum
1022 1039 1198 1076 facillime
1217 1040 1450 1078 interficitur.

498 1236 1055 1273 V111.-—ARTAYCTES.

544 1354 685 1392 Decea]
702 1354 791 1392 aud
806 1355 1008 1406 sacrilege.

123 1438 362 1478 30.—Sesto
376 1438 465 1476 olim
480 1445 653 1488 praeerat
665 1440 867 1489 Artayctes
880 1441 1003 1478 Persa.
1036 1441 1108 1477 Hic
1121 1441 1287 1478 Xerxem
1298 1442 1470 1479 Athenas

82 1506 376 1544 contendentem
389 1507 599 1556 deceperat,
614 1508 791 1545 Elaeunti
804 1508 898 1545 clam
910 1508 1046 1545 ablatis
1060 1509 1259 1546 Protesilai
1271 1509 1466 1547 thesauris.

83 1573 252 1612 Xerxem
271 1579 399 1612 autem
426 1574 626 1624 deceperat
654 1575 713 1612 his
736 1576 861 1613 verbis
888 1589 999 1613 usus:
1030 1575 1084 1613 ‘O
1103 1589 1182 1621 rex,
1202 1576 1263 1613 hic
1282 1576 1470 1613 habitavit

82 1641 250 1680 Graecus
270 1642 435 1692 quidam.
491 1643 530 1680 Is
549 1643 639 1680 olim
658 1643 697 1680 in
716 1656 875 1693 regnum
894 1649 1002 1680 tuum
1031 1644 1312 1693 expeditionem
1330 1644 1469 1681 faciens

82 1710 303 1748 interfectus
336 1715 403 1748 est.
459 1711 571 1748 Nunc
603 1711 697 1748 mihi
730 1710 790 1757 da,
824 1724 901 1758 oro,
935 1711 1047 1748 huius
1079 1711 1254 1749 divitias:
1283 1711 1337 1748 ita
1369 1711 1469 1748 enim

83 1792 214 1817 omnes
246 1780 286 1816 in
318 1784 356 1816 te
389 1779 672 1828 expeditionem
708 1779 829 1816 facere
858 1792 1052 1828 nunquam
1087 1783 1218 1828 postea
1253 1778 1469 1816 audebunt]

83 1848 220 1897 Itaque
252 1847 400 1884 Xerxes
433 1847 622 1896 deceptus,
659 1847 859 1884 Protesilai
896 1846 1051 1884 domum
1087 1847 1262 1895 Artaycti
1297 1846 1466 1885 tradidit.

84 1915 159 1952 Hic
173 1928 263 1952 vero
282 1915 410 1952 omnia
428 1915 605 1952 Elaeunti
624 1915 751 1952 ablata
770 1914 921 1952 Sestum
941 1927 1066 1952 secum
1084 1914 1260 1963 portavit.

500 2037 727 2086 Vcngcance
745 2035 952 2073 overtakes
971 2035 1069 2073 him.

139 2122 401 2161 3l.—Postea
419 2135 508 2158 vero
527 2123 738 2170 Art-aycten
765 2135 813 2159 ex
840 2122 1043 2170 improviso
1062 2119 1186 2157 adorti
1204 2119 1468 2164 Athenienses,

89 2190 241 2227 Sestum
260 2189 326 2226 diu
345 2189 584 2227 obsederunt.
640 2189 777 2226 Persae
796 2188 950 2225 tandem
969 2188 1071 2224 intra
1088 2187 1236 2224 moenia
1263 2186 1312 2223 ad
1338 2198 1469 2235 angus-

89 2258 161 2295 tias
180 2257 334 2303 redacti,
355 2257 509 2294 funibus
528 2256 752 2294 lectulorum
770 2255 870 2293 vesci
889 2255 1008 2292 coacti
1032 2259 1130 2292 sunt.
1186 2253 1258 2290 His
1278 2265 1468 2302 consump-

89 2326 148 2371 tis,
170 2326 371 2374 Artayctes
389 2329 503 2362 noctu
522 2337 607 2361 cum
625 2323 702 2360 filio
726 2323 767 2359 in
794 2322 921 2371 fugam
949 2335 988 2358 se
1014 2322 1164 2369 recepit.
1221 2320 1316 2357 Mox
1342 2324 1466 2356 tamen
