1591 2492
96 75 142 109 42
493 61 624 98 EASY
652 61 819 97 LATIN
849 60 1081 97 STORIES.
1282 58 1400 110 [PART
1419 71 1477 97 111.

556 241 809 291 Hereditary
820 241 1082 293 professions.

149 334 401 376 130.—Cum
413 334 615 383 Aegyptiis
629 346 719 371 vero
731 333 802 370 hoc
815 346 1011 370 commune
1023 333 1311 371 Lacedaemonii
1322 332 1480 381 habent;

94 403 195 454 apud
210 403 294 441 illos
306 415 509 453 praecones
521 406 560 439 et
571 401 746 439 tibicines
758 405 797 439 et
809 402 918 451 coqui
929 402 969 438 in
980 401 1123 450 patrias
1137 405 1236 439 artes
1249 400 1455 439 succedunt
1471 416 1479 439 :

95 476 134 509 et
169 471 312 509 tibicen
344 470 444 507 filius
473 474 530 507 est
557 469 735 516 tibicinis,
765 481 905 518 coquus
941 469 1062 517 coqui,
1091 481 1223 518 praeco
1259 468 1480 518 praeconis:

93 551 214 588 neque
250 537 444 587 praeconis
481 537 601 574 filium
638 536 743 583 alius,
781 536 830 573 ob
865 536 968 573 vocis
997 536 1206 573 claritatem
1238 548 1375 574 munus
1410 535 1481 573 hoc

93 606 274 652 ambiens,
293 604 484 642 excludit:
521 603 587 641 sed
613 603 774 652 quilibet
800 603 995 652 negotium
1021 615 1128 639 suum
1148 602 1268 652 patris
1287 614 1393 640 more
1420 615 1478 639 ex-

93 672 271 721 sequitur.
327 672 455 720 Atque
474 670 565 707 haec
583 670 638 706 ita
656 683 694 707 se
712 669 864 707 habent.

115 971 378 1009 IX.—-THE
410 970 649 1007 FAMILY
680 970 759 1008 OF
788 969 917 1005 THE
946 970 1462 1008 ALCMAEONIDAE.

584 1101 613 1139 l
611 1108 647 1140 ts
666 1113 797 1150 cauny
806 1101 1003 1150 founder.

149 1195 385 1236 131.—-Fuit
397 1198 524 1232 autem
536 1194 700 1230 Athenis
715 1194 791 1230 iam
804 1194 1014 1243 antiquitus
1027 1194 1185 1231 illustris
1197 1194 1478 1233 Alcmaeonida

94 1277 179 1302 rum
196 1263 342 1301 familia
353 1278 364 1310 3
391 1275 479 1300 nam
498 1261 587 1299 inde
606 1262 655 1299 ab
673 1261 903 1299 Alcmaeone
915 1262 1009 1311 ipso,
1023 1262 1203 1299 exstitere
1222 1262 1261 1299 in
1280 1262 1349 1300 hac
1368 1262 1482 1300 domo

94 1331 320 1370 nobilissimi
349 1330 432 1368 viri.
489 1329 591 1367 Olim
609 1329 817 1366 Alcmaeon
845 1342 867 1366 a
894 1329 1034 1367 Croeso
1062 1329 1206 1378 Lydiae
1233 1342 1320 1379 rege
1347 1330 1483 1367 missus

95 1404 188 1447 erat,
207 1404 250 1436 ut
281 1397 474 1436 oraculum
505 1397 733 1446 Delphicum
765 1397 985 1435 consuleret.
1059 1397 1176 1435 Cuius
1208 1397 1248 1434 in
1277 1410 1316 1435 se
1347 1398 1484 1435 merita

96 1480 213 1517 quum
239 1466 402 1504 Croesus
429 1470 637 1515 cognosset,
667 1464 805 1502 Sardes
832 1478 919 1502 eum
948 1464 996 1501 ad
1024 1478 1062 1502 se
1090 1465 1293 1513 invitavit3
1320 1469 1359 1503 et
1385 1470 1484 1515 post-

96 1547 209 1585 quam
227 1533 394 1580 advenit,
413 1537 522 1570 tanto
541 1533 622 1570 auri
640 1532 807 1582 pondere
835 1532 997 1569 eundem
1025 1532 1193 1579 donavit,
1213 1536 1399 1582 quantum
1417 1546 1484 1570 suo

96 1615 249 1651 corpore
268 1605 460 1651 asportare
479 1600 595 1638 semel
613 1605 750 1650 posset.
806 1600 912 1637 Tunc
930 1600 1138 1637 Alcmaeon
1156 1600 1205 1638 ad
1224 1600 1484 1650 accipiendum

97 1669 241 1707 donum
266 1669 307 1706 in
334 1669 436 1706 hunc
462 1668 619 1706 modum
650 1672 889 1717 comparatus
922 1668 1085 1706 accessit.
1154 1667 1301 1705 Grandi
1328 1667 1484 1705 indutus

97 1737 237 1784 tunica,
266 1737 307 1774 in
338 1749 413 1786 qua
442 1749 602 1786 magnus
634 1740 715 1773 erat
746 1736 850 1773 sinus
885 1735 1049 1782 relictus,
1083 1740 1122 1772 et
1153 1735 1359 1782 cothurnis,
1391 1748 1485 1785 quos

97 1808 287 1854 repererat
322 1804 583 1853 amplissimos,
620 1803 816 1850 calceatus,
852 1803 892 1840 in
931 1803 1151 1840 thesaurum
1186 1802 1354 1841 intravit.
1424 1802 1486 1840 Ibi

99 1885 217 1922 quum
234 1871 274 1908 in
293 1884 468 1909 acervum
485 1875 745 1909 ramentorum
760 1871 841 1908 auri
859 1870 1064 1917 incidisset,
1076 1871 1242 1920 primum
1256 1870 1352 1908 circa
1366 1883 1485 1917 crura,

100 1943 286 1988 quantum
303 1939 385 1976 auri
404 1939 603 1988 capiebant
629 1939 815 1985 cothurni,
835 1939 984 1976 infersit
995 1953 1006 1986 3
1033 1938 1172 1976 deinde
1200 1937 1385 1987 completo
1403 1942 1486 1976 toto

101 2006 197 2053 sinu,
217 2010 256 2043 et
287 2018 393 2043 coma
422 2006 605 2044 ramentis
636 2020 847 2056 conspersa,
867 2006 1030 2056 denique
1061 2006 1144 2044 aliis
1175 2005 1215 2043 in
1244 2019 1286 2044 os
1313 2007 1486 2055 sumptis,

101 2073 279 2110 thesauro
306 2086 475 2122 egressus
502 2078 571 2120 est,
603 2087 712 2124 aegre
743 2074 898 2112 trahens
934 2074 1147 2111 cothurnos,
1217 2072 1338 2120 Quem
1369 2086 1488 2123 quum

101 2139 357 2189 conspexisset
383 2140 555 2187 Croesus,
583 2141 702 2178 risum
732 2154 810 2178 non
836 2141 973 2187 tenuit,
1002 2140 1110 2178 dedit
1137 2144 1267 2178 autem
1293 2153 1371 2177 non
1396 2141 1488 2178 haec

103 2210 226 2258 modo,
246 2209 312 2248 sed
330 2210 404 2247 alia
422 2210 537 2246 etiam
555 2209 702 2247 adiecit.
761 2209 823 2246 Ita
850 2208 996 2257 magnis
1023 2207 1168 2244 divitiis
1195 2211 1305 2244 aucta
1322 2211 1380 2244 est
1397 2207 1488 2245 haec

102 2278 249 2324 domus,
282 2277 457 2325 idemque
488 2276 706 2320 Alcmaeon,
739 2287 856 2323 equos
896 2275 1000 2312 alens
1037 2273 1234 2322 quadrigis
1265 2273 1488 2319 iungendos,

104 2344 341 2394 Olympicam
358 2343 555 2380 victoriam
573 2341 791 2390 reportavit.
