1591 2492
107 87 152 109 20
525 74 656 110 EASY
685 74 849 109 LATIN
879 73 1109 109 STORIES.
1225 75 1231 79 “
1304 69 1434 121 [PART.
1453 81 1477 107 1.

516 239 838 290 spsozc'rm'ngfor
856 240 921 278 tlze
939 239 1069 279 Dead.

153 307 459 345 7l.—Lamenta
494 312 532 345 et
568 308 781 357 sepulturae
817 309 857 345 in
893 309 992 346 hunc
1027 309 1182 346 modum
1218 309 1477 346 instituuntur.

106 370 164 408 Ex
197 371 310 409 domo
344 374 478 421 quavis
511 379 661 412 mortuo
689 375 853 422 homine,
882 375 1057 412 mulieres
1084 389 1132 412 ex
1159 389 1202 412 ea
1220 375 1333 413 domo
1352 389 1480 413 omnes

104 443 183 480 luto
213 442 388 480 oblinunt
417 447 530 491 caput
561 447 627 479 aut
658 443 782 491 ipsum
818 442 932 480 etiam
969 456 1021 488 os,
1049 442 1186 480 deinde
1217 443 1347 480 relicto
1379 442 1481 480 domi

103 510 294 554 cadavere,
314 509 417 558 ipsae
436 523 503 558 per
521 510 654 547 urbem
682 514 839 546 currunt
865 514 1068 559 gementes,
1090 514 1128 547 et
1147 523 1230 547 cum
1256 509 1315 547 his
1333 509 1481 558 propin-

103 589 198 625 quae
217 589 356 614 omnes.
410 576 499 613 Alia
518 590 565 613 ex
583 581 690 626 parte
714 581 871 626 gemunt
889 577 971 614 viri.
1027 576 1099 613 His
1117 576 1235 621 factis,
1256 575 1416 614 cadaver
1433 575 1480 613 ad

104 643 357 681 condiendum
375 644 546 682 efferunt„

678 747 736 785 M
735 761 759 784 n
764 761 802 785 m
808 760 846 784 m
851 747 914 785 ies.

155 816 445 863 72.—Quidam
464 820 591 854 autem
618 816 788 853 homines
816 821 935 853 artem
963 816 1163 853 condiendi
1190 819 1358 852 mortuos
1382 828 1481 852 exer-

105 887 200 921 cent.
254 883 383 920 Allato
403 883 594 929 cadavere,
614 883 778 932 primum
804 883 903 920 ferro
931 895 997 931 per
1023 895 1131 919 nares
1158 882 1364 919 extrahunt
1389 895 1482 919 cere-

105 950 225 987 brum.
280 950 389 996 Tum,
409 950 588 987 extractis
606 950 823 995 visceribus,
845 963 977 998 corpus
995 949 1084 986 vino
1111 949 1251 995 lavant,
1271 949 1482 998 iterumque

106 1018 206 1055 tritis
225 1017 403 1055 odoribus
421 1022 594 1067 purgant.
648 1017 797 1054 Deinde
825 1030 957 1066 corpus
984 1017 1138 1064 myrrha
1156 1020 1194 1053 et
1212 1016 1309 1053 casia
1327 1016 1482 1064 aliisque

106 1084 295 1130 odoribus
316 1089 400 1122 ture
427 1089 595 1134 excepto,
616 1085 781 1134 explent.
839 1084 910 1121 His
937 1084 993 1121 ita
1011 1084 1119 1121 factis
1143 1083 1300 1121 cadaver
1318 1097 1385 1132 per
1403 1083 1482 1120 dies

105 1152 344 1201 septuaginta
371 1151 575 1189 condiunt:
602 1165 670 1188 nec
698 1151 798 1188 enim
824 1151 912 1188 licet
939 1151 1090 1188 diutius.
1146 1150 1313 1188 Peractis
1340 1154 1484 1199 septua-

105 1219 212 1268 ginta
238 1218 382 1265 diebus,
402 1218 532 1256 lavant
551 1218 720 1264 cadaver,
741 1223 779 1255 et
797 1218 932 1267 pannis
959 1222 1103 1267 tegunt.
1158 1217 1256 1254 Tum
1283 1217 1484 1266 propinqui

106 1299 230 1323 arcam
248 1286 411 1322 hominis
430 1286 550 1335 figura
568 1285 770 1322 conficiunt
781 1300 791 1332 ;
819 1285 915 1322 hanc
934 1285 973 1321 in
992 1298 1115 1322 arcam
1144 1284 1302 1321 cadaver
1324 1288 1483 1333 ponunt,

107 1358 145 1390 et
163 1353 202 1390 in
221 1353 402 1402 sepulcro,
423 1353 471 1390 ad
489 1365 640 1390 murum
659 1357 879 1398 statuentes,
895 1352 1124 1401 relinquunt.

532 1465 616 1503 lee
634 1465 797 1503 victims
816 1465 867 1514 of
881 1464 945 1502 tlte
962 1464 1013 1502 N
1012 1464 1072 1503 ile.

157 1534 468 1573 73.—Homines
487 1539 623 1580 autem,
640 1534 718 1571 sive
733 1533 927 1583 Aegyptii,
944 1533 1022 1570 sive
1040 1532 1239 1582 peregrini,
1260 1545 1282 1568 a
1300 1531 1485 1568 crocodilo

108 1602 265 1651 abrepti,
294 1606 361 1639 aut
387 1601 468 1651 ipso
496 1602 652 1638 flumine
680 1601 901 1649 interempti
927 1613 1065 1649 magno
1092 1600 1234 1637 honore
1261 1598 1482 1635 afficiuntur.

107 1669 280 1706 Eiectum
311 1669 412 1706 enim
444 1669 604 1706 cadaver
638 1668 781 1705 incolae
818 1669 897 1705 eius
933 1668 1016 1713 loci,
1049 1680 1163 1716 quam
1197 1666 1363 1703 maxima
1398 1677 1485 1702 cura

108 1736 317 1785 sepeliunt:
353 1749 475 1785 neque
502 1736 566 1774 alii
593 1737 777 1785 cuiquam,
807 1749 874 1772 nec
900 1735 1124 1784 propinquo,
1152 1747 1220 1771 nec
1246 1733 1377 1779 amico,
1405 1736 1485 1769 tan—

107 1817 193 1853 gere
210 1803 299 1841 licet
315 1803 391 1841 tale
411 1803 591 1841 cadaver:
619 1803 685 1840 sed
704 1803 774 1840 soli
792 1802 1003 1840 sacerdotes
1022 1801 1103 1838 Nili
1121 1800 1317 1849 sepeliunt.

663 1930 721 1968 M
719 1943 813 1980 osqn
818 1929 922 1967 z‘toes.

158 1999 482 2038 74.—Adversus
501 1999 635 2036 culices
657 1998 727 2035 hoc
745 1998 899 2035 faciunt.
954 1997 1093 2033 Turres
1120 1995 1320 2032 aedificant
1345 1993 1486 2042 praeal-

107 2069 165 2102 tas
178 2080 188 2112 3
216 2066 255 2102 in
274 2066 340 2103 has
359 2066 561 2103 dormituri
582 2065 802 2110 ascendunt,
822 2077 911 2101 nam
929 2067 1045 2101 vento
1072 2062 1321 2111 prohibentur
1338 2060 1484 2098 culices

106 2133 290 2170 Homines
309 2138 436 2171 autem
455 2134 550 2170 circa
568 2133 724 2182 paludes
743 2132 971 2176 habitantes,
987 2142 1054 2179 pro
1069 2129 1236 2166 turribus
1255 2128 1324 2164 hac
1338 2127 1486 2164 ratione

106 2213 144 2237 se
162 2201 348 2238 muniunt.
407 2200 573 2249 Quisque
591 2200 651 2237 vir
668 2204 749 2237 rete
767 2198 883 2235 habet
900 2213 908 2235 z
937 2198 1008 2234 hoc
1025 2209 1092 2246 per
1110 2195 1212 2232 diem
1238 2195 1358 2244 pisces
1376 2207 1487 2231 venae

105 2272 179 2315 tur,
219 2273 335 2306 noctu
379 2273 507 2306 autem
541 2268 664 2304 utitur
702 2268 742 2303 in
782 2266 938 2304 aedibus
953 2280 960 2303 :
1005 2264 1143 2301 lectulo
1187 2263 1350 2312 imponit
1393 2266 1485 2308 rete,

105 2335 244 2373 deinde
263 2348 343 2373 sese
362 2335 570 2381 insinuans,
590 2334 661 2372 sub
679 2333 745 2371 illo
767 2333 918 2371 dormit.
974 2331 1122 2370 Culices
1149 2331 1251 2367 enim
1276 2342 1345 2379 per
1362 2332 1485 2367 vestes

105 2403 278 2440 mordere
296 2406 477 2452 possunt:
504 2414 572 2451 per
589 2405 669 2438 rete
687 2413 790 2446 vero,
808 2412 857 2436 ne
875 2402 1060 2436 conantur
1078 2396 1243 2446 quidem.
