1591 2492
87 99 191 125 PART
210 87 279 138 1v.]
604 84 941 123 ANECDOTES.
1431 94 1478 130 99

88 207 217 240 essent
243 202 382 240 hostes.
439 201 606 251 Accepto
634 213 826 250 responso,
856 198 1026 236 devictos
1054 210 1134 235 esse
1153 201 1192 235 et
1219 197 1258 234 in
1285 197 1415 246 fugam
1443 209 1482 234 se

1320 264 1328 280 5

89 270 283 320 recepisse,
314 269 419 307 ‘Iam
447 269 539 306 satis
558 268 639 315 est,'
659 268 797 318 inquit,
827 266 1016 304 ‘invictus
1035 266 1136 303 enim
1163 265 1316 303 morior.
1382 265 1480 302 Tum

90 338 240 376 extrahi
258 337 378 375 telum
397 350 417 375 e
435 337 592 375 vulnere
611 336 733 383 iussit,
754 349 828 385 quo
847 335 948 373 facto
968 334 1099 372 statim
1117 337 1289 371 mortuus
1308 337 1375 370 est.

663 474 771 513 Trtte
790 474 924 513 riches.

143 561 523 601 278.-—Demetrius
542 561 772 598 Poliorcetes
791 560 925 597 urbem
952 559 1109 609 Megara
1127 558 1166 596 vi
1185 561 1481 607 expugnaverat.

93 627 166 665 Cui
195 627 318 677 Stilpo
347 628 606 678 philosophus,
629 643 747 678 quum
776 633 986 678 quaereret,
1006 641 1100 665 num
1125 626 1218 677 quid
1243 624 1482 675 perdidisset,

93 695 163 732 hoc
181 693 379 743 respondit
395 709 402 731 :
423 696 433 714 ‘
447 693 556 731 Nihil
581 692 733 743 perdidi
751 708 758 731 :
790 705 850 730 res
869 706 975 730 meae
995 706 1126 730 omnes
1144 693 1240 730 mihi
1259 698 1484 743 supersunt!

93 762 198 800 Haec
217 766 345 799 autem
364 761 526 808 dixerat,
548 762 707 811 abrepta
724 761 896 811 pecunia,
916 761 1003 798 filiis
1023 761 1243 811 civibusque
1271 762 1311 799 in
1330 762 1484 800 servitu-

93 835 171 868 tem
189 830 362 868 redactis.
418 830 644 867 Affirmabat
663 834 803 876 tamen,
824 829 921 866 nihil
941 843 980 867 se
998 829 1232 879 perdidisse:
1261 843 1370 868 veras
1386 830 1485 868 enim

94 911 195 948 opes,
228 898 412 936 virtutem
445 898 587 935 scilicet
618 902 656 935 et
688 897 926 948 sapientiam,
957 911 1050 947 quas
1082 897 1230 936 auferre
1254 898 1383 936 hostes
1409 911 1487 936 non

94 971 259 1016 possent,
281 967 354 1004 sibi
377 979 581 1016 superesse.
640 966 766 1013 ‘Quae
794 966 889 1003 mihi
918 967 1139 1016 eripuerunt
1166 965 1330 1013 milites,'
1350 966 1488 1016 inquit,

98 1036 107 1053 ''
120 1048 205 1072 mea
222 1048 417 1084 nunquam
436 1034 674 1072 arbitrabor!

525 1172 734 1223 Sophanes
756 1172 824 1211 tlze
841 1173 880 1211 A
890 1172 1065 1212 tlzenz'an.

148 1259 504 1309 279.—Sophanes
524 1259 615 1296 olim
635 1263 716 1296 erat
735 1258 994 1305 Atheniensis,
1017 1259 1082 1308 qui
1101 1259 1256 1297 virtutis
1284 1260 1491 1298 maximam

99 1328 199 1365 inter
218 1328 381 1366 Graecos
400 1327 552 1365 laudem
571 1327 741 1365 abstulit.
799 1327 882 1375 Quo
898 1327 945 1377 de
960 1328 1043 1365 viro
1058 1327 1123 1365 alii
1141 1333 1310 1375 narrant,
1324 1333 1491 1379 gestasse

100 1409 186 1433 eum
205 1396 369 1433 ferream
387 1409 565 1433 ancoram
584 1396 632 1433 ad
652 1396 788 1433 loricae
808 1396 1002 1446 cingulum
1025 1396 1114 1434 fune
1133 1397 1354 1447 adaptatam
1370 1412 1380 1444 3
1409 1411 1491 1435 eam

100 1464 206 1501 illum
225 1477 413 1511 ancoram,
435 1465 583 1514 quoties
602 1464 758 1514 propius
785 1464 914 1502 hostes
933 1464 1110 1512 venisset,
1131 1465 1171 1502 in
1190 1469 1332 1503 terram
1359 1466 1493 1515 impin-

98 1545 186 1582 gere
213 1532 368 1569 solitum
396 1545 487 1579 esse,
516 1546 564 1570 ne
592 1532 732 1578 hostes,
763 1532 908 1582 impetu
940 1533 980 1570 in
1011 1546 1098 1570 eum
1129 1533 1240 1580 facto,
1275 1547 1297 1571 a
1329 1534 1492 1571 statione

101 1600 279 1650 repellere
307 1605 485 1650 possent:
513 1601 604 1651 fuga
632 1605 760 1638 autem
788 1601 957 1638 hostium
984 1601 1095 1648 facta,
1124 1602 1289 1652 recipere
1317 1615 1492 1640 ancoram

99 1669 253 1706 solitum
281 1682 372 1715 esse,
393 1673 432 1706 et
459 1669 514 1706 ita
540 1669 715 1707 hostibus
743 1669 883 1706 iterum
910 1669 1063 1707 instare.
1121 1670 1227 1708 Haec
1245 1670 1293 1708 de
1321 1670 1392 1707 hoc
1411 1670 1492 1708 viro

98 1741 312 1775 narrantur.
370 1737 449 1774 Alii
477 1741 605 1775 autem
632 1738 879 1783 arbitrantur,
900 1737 940 1774 in
960 1738 1130 1775 eiusdem
1150 1739 1269 1789 clipeo
1297 1752 1365 1789 pro
1386 1739 1492 1789 signo

99 1818 179 1843 esse
199 1818 385 1851 ancoram,
406 1818 483 1842 non
502 1810 668 1855 gestasse
689 1819 775 1843 eum
794 1818 972 1843 ancoram
991 1806 1161 1845 ferream.

629 1944 667 1981 Α
693 1950 804 1982 stem
815 1944 872 1994 fa
877 1944 973 1983 tlcer.

152 2028 484 2068 280.—Rhacoci
512 2028 661 2066 cuidam
690 2034 836 2078 septem
864 2034 974 2067 erant
993 2030 1073 2076 filii,
1096 2043 1257 2079 quorum
1275 2035 1368 2069 natu
1388 2032 1494 2069 mini-

100 2109 195 2142 mus,
215 2096 368 2134 nomine
396 2096 606 2144 Cartomes,
626 2097 763 2135 fratres
791 2098 831 2134 in
851 2098 932 2135 dies
961 2098 1178 2137 lacessebat.
1237 2099 1358 2146 Quem
1378 2113 1494 2149 quum

101 2164 249 2213 saepius
268 2164 410 2202 frustra
437 2164 698 2203 admonuisset
724 2169 844 2215 pater,
865 2166 1020 2213 iudices,
1042 2167 1107 2216 qui
1126 2180 1174 2204 ex
1193 2167 1375 2205 mandato
1394 2168 1494 2217 regis

99 2245 167 2281 per
185 2232 318 2270 Asiam
339 2233 414 2270 iter
436 2233 638 2280 faciebant,
658 2234 699 2270 in
717 2247 802 2271 eam
820 2234 1014 2284 regionem
1034 2239 1293 2285 pervenerunt
1311 2235 1377 2273 ubi
1396 2236 1496 2273 Rha-

100 2313 204 2337 coces
222 2300 434 2340 habitabat.
486 2301 671 2339 Adventu
690 2301 859 2339 iudicum
879 2303 1043 2352 cognito,
1065 2303 1186 2340 filium
1204 2303 1376 2341 vinctum
1407 2306 1498 2339 ante

101 2367 243 2406 iudices
276 2369 486 2415 constituit,
520 2369 806 2419 postulavitque
838 2374 882 2407 ut
919 2370 1053 2420 capitis
1086 2371 1342 2409 damnaretur.
1413 2371 1498 2410 Hoc
