1591 2492
93 73 260 124 PART1.]
371 77 565 114 BEASTS
596 77 653 113 IN
685 76 861 112 EGYPT
891 76 1005 111 AND
1036 75 1210 111 LIBYA.
1470 85 1490 120 3

91 190 228 236 quavis
243 190 368 238 domo,
386 204 516 228 omnes
532 192 683 229 aedium
698 192 850 229 illarum
865 190 1010 228 incolae
1025 189 1226 239 supercilia
1240 188 1319 226 sola
1333 187 1492 225 radunt:

99 261 248 295 mortuo
277 270 378 303 cane,
398 261 523 293 totum
551 255 693 293 radunt
721 268 854 305 corpus
882 260 920 292 et
949 260 1072 305 caput.
1127 256 1304 293 Mortuae
1331 255 1423 294 feles
1450 257 1489 293 in

99 325 211 363 sacris
244 325 434 375 sepulcris,
458 324 619 362 Bubasti
643 325 682 361 in
708 324 847 373 oppido
873 324 1117 373 sepeliuntur.
1173 324 1296 363 Canes
1320 329 1490 362 mortuos

98 393 137 430 in
153 406 219 430 suo
234 393 392 442 quisque
407 392 547 442 oppido
567 392 763 442 sepeliunt.
820 392 950 429 Mures
962 392 1088 438 etiam,
1100 405 1268 439 araneos,
1282 393 1488 442 accipitres.

98 461 189 507 ibes,
209 461 488 507 ichneumones,
509 460 647 498 colunt.

579 563 616 601 T
613 562 661 601 lle
679 562 996 613 llzppopolamzts.

151 648 525 698 8.-—Hippopotami
560 661 581 685 a
613 648 806 685 nonnullis
839 647 1041 697 Aegyptiis
1075 648 1170 686 sacri
1202 649 1416 697 habentur5
1444 650 1491 687 ab

99 716 252 765 reliquis
271 729 361 753 vero
389 729 466 753 non
495 716 598 754 sacri.
656 716 805 753 Horum
832 721 969 753 natura
997 720 1110 766 atque
1139 718 1279 766 species
1306 717 1394 755 talis
1422 724 1489 757 est.

100 783 322 834 Quadrupes
351 784 502 831 animal,
530 784 728 830 bisulcum,
758 784 911 834 ungulis
947 784 1109 831 bovinis,
1139 785 1233 822 simo
1270 799 1373 833 naso,
1403 787 1492 825 iuba

99 853 248 902 equina,
277 852 455 890 dentibus
482 853 798 902 prominentibus,
828 853 948 890 cauda
975 858 1014 890 et
1046 866 1136 891 voce
1164 854 1323 903 equina:
1351 855 1493 905 magni-

98 920 232 958 tudine
250 921 369 958 tauris
389 925 478 958 sunt
497 921 648 959 similes.

637 1023 719 1061 The
728 1022 918 1072 phoenix.

152 1108 318 1148 9.—Est
346 1109 461 1146 etiam
489 1109 568 1146 avis
597 1122 711 1155 sacra,
740 1109 893 1146 nomine
926 1109 1102 1158 phoenix.
1160 1109 1319 1147 Perraro
1344 1111 1494 1160 Aegyp-

100 1180 184 1213 tum
208 1176 300 1223 adit,
321 1190 369 1213 ex
388 1177 684 1226 quingentorum
702 1190 889 1214 annorum
908 1177 1119 1214 intervallo.
1176 1177 1348 1215 Advenit
1367 1183 1494 1216 autem

100 1249 249 1282 mortuo
285 1249 393 1294 patre
430 1259 507 1283 suo.
575 1246 645 1283 Est
676 1250 806 1283 tantus
842 1250 957 1295 atque
986 1246 1074 1283 talis
1089 1260 1100 1293 5
1138 1259 1348 1295 pennarum
1381 1248 1493 1296 color,

100 1313 260 1350 aliorum
287 1326 432 1360 aureus,
462 1314 622 1351 aliorum
658 1314 794 1361 ruber;
835 1314 957 1363 specie
985 1319 1023 1351 et
1054 1314 1318 1363 magnitudine
1348 1317 1495 1365 aquilae

101 1381 314 1419 simillimus
339 1387 405 1420 est.
462 1382 637 1419 Phoenix
665 1395 713 1419 ex
731 1382 875 1419 Arabia
902 1382 1104 1431 profectus,
1124 1383 1164 1419 in
1192 1382 1291 1420 Solis
1309 1385 1494 1434 templum

101 1455 230 1498 portat
261 1455 408 1499 patrem
443 1463 564 1496 suum,
602 1450 757 1499 myrrha
795 1450 1059 1496 circumlitum,
1091 1456 1130 1487 et
1162 1451 1201 1487 in
1235 1452 1377 1500 templo
1398 1453 1495 1491 Solis

101 1517 243 1566 sepelit.

427 1620 465 1658 T
462 1619 510 1658 lte
529 1619 699 1670 winged
714 1626 892 1669 serpents
911 1619 1001 1658 and
1019 1619 1084 1658 the
1105 1619 1192 1659 ibis.

157 1704 442 1745 lO.—Ineunte
466 1718 554 1742 vere
573 1705 613 1742 in
632 1705 854 1755 Aegyptum
882 1705 1064 1743 advolant
1092 1706 1262 1744 volucres
1291 1710 1493 1756 serpentes.

101 1773 228 1811 Ibides
244 1778 372 1811 autem
387 1787 474 1811 aves
490 1773 565 1810 illis
580 1778 829 1820 occurrentes,
845 1773 953 1811 aditu
965 1774 1182 1823 prohibent,
1198 1779 1410 1824 necantque
1426 1788 1497 1812 ser-

101 1847 244 1891 pentes.
302 1841 362 1879 Ob
390 1841 487 1878 hanc
516 1855 686 1879 caussam
713 1842 842 1891 magni
870 1842 1121 1880 aestimantur
1139 1842 1261 1880 ibides
1281 1843 1328 1880 ab
1347 1843 1496 1893 Aegyp-

101 1910 174 1947 tiis.
232 1910 382 1959 Species
411 1915 539 1947 autem
567 1910 680 1947 ibidis
708 1910 795 1947 talis
824 1915 882 1947 est
896 1925 906 1957 3
935 1910 1057 1947 colore
1076 1911 1186 1960 nigro
1206 1911 1286 1948 avis
1306 1916 1374 1958 est,
1394 1911 1495 1961 pedi-

102 1978 170 2014 bus
197 1978 311 2027 gruis,
332 1983 456 2015 rostro
486 1977 642 2016 adunco.
701 1977 929 2027 Serpentum
956 1977 1078 2015 forma
1106 1978 1239 2016 similis
1267 1983 1325 2016 est
1351 1979 1495 2017 formae

100 2044 318 2093 hydrarum.
375 2046 468 2083 Alas
500 2046 644 2083 habent
675 2059 752 2083 non
784 2051 981 2095 pennatas,
1015 2046 1081 2083 sed
1114 2046 1394 2096 vespertilionis
1427 2047 1494 2084 alis

100 2113 249 2151 similes.

474 2215 527 2254 W
525 2214 722 2265 Olzdmsul
738 2215 921 2253 auimals
942 2215 987 2254 z'n
1007 2215 1151 2266 Libya.

155 2301 370 2340 ll.——Sunt
398 2302 436 2338 in
464 2301 586 2350 Libya
613 2302 770 2339 immani
798 2301 1061 2351 magnitudine
1090 2309 1294 2352 serpentes,
1315 2308 1404 2340 sunt
1427 2304 1494 2341 ibi-

100 2368 186 2406 dem
201 2369 339 2416 leones,
355 2374 394 2406 et
408 2368 614 2418 elephanti,
629 2374 669 2407 et
682 2369 772 2415 ursi,
789 2374 827 2406 et
842 2369 1002 2418 aspides,
1020 2375 1059 2407 et
1075 2371 1171 2407 asini
1186 2371 1344 2409 cornuti.
1393 2372 1492 2409 Sunt
