1591 2492
88 81 136 125 48
487 79 618 117 EASY
647 80 812 115 LATIN
842 80 1072 117 STORIES.
1279 78 1398 130 [PART
1417 91 1467 117 1v.

87 193 215 230 ovium
233 196 359 241 urunt,
379 192 553 229 nonnulli
571 192 686 229 etiam
703 205 819 230 venas
837 196 1060 242 temporum.
1116 192 1237 242 quue
1255 192 1325 230 hac
1343 205 1471 230 caussa

87 260 239 307 faciunt,
260 272 308 296 ne
336 259 557 308 insequente
584 263 753 309 tempore
780 272 947 308 unquam
973 259 1105 297 morbo
1131 259 1209 297 ullo
1238 260 1370 309 capitis
1397 260 1471 297 affi-

88 326 244 364 ciantur.
300 326 410 364 Hanc
446 326 494 364 ob
531 339 700 364 caussam
737 327 844 364 aiunt
875 326 1019 376 optima
1054 339 1093 364 se
1129 326 1204 364 frui
1241 326 1468 365 valetudine.

88 393 235 431 Revera
266 393 366 430 enim
397 393 536 442 Libyes
571 407 660 443 prae
697 393 870 431 omnibus
901 393 1126 441 hominibus,
1161 406 1254 443 quos
1284 393 1468 440 novimus,

89 460 303 497 firmissima
323 464 484 497 utuntur
515 459 748 499 valetudine.
805 457 912 495 Num
943 456 1013 494 hac
1041 455 1088 493 de
1117 468 1247 494 caussa
1282 456 1354 494 hoc
1386 457 1466 504 fiat,

89 527 264 576 equidem
277 540 346 577 pro
366 532 466 565 certo
485 540 561 565 non
576 527 659 564 dico
675 542 682 565 :
702 531 790 564 sunt
804 531 931 564 autem
949 526 1080 574 utique
1097 525 1301 563 fortissimi.
1334 525 1470 563 Refero

89 598 215 631 autem
234 607 330 643 quae
348 595 396 632 ab
414 595 504 644 ipsis
522 595 627 632 Afris
644 598 856 631 narrantur.

184 838 448 874 IV.—THE
483 837 662 874 FIRST
694 836 989 873 INVASION
1023 835 1100 872 OF
1132 834 1392 872 EUROPE.

508 965 673 1004 Darius
693 965 862 1004 invades
884 964 1009 1015 Scyth
1014 964 1063 1003 ia.

146 1057 445 1096 144.—Darius
465 1057 666 1095 Persarum
694 1070 762 1094 rex
789 1056 931 1094 bellum
960 1056 1111 1104 Scythis
1138 1055 1276 1093 intulit.
1332 1056 1474 1093 Istrum

91 1124 207 1173 igitur
225 1124 364 1161 flumen
383 1128 498 1173 ponte
518 1124 653 1171 iunxit,
673 1128 903 1173 pontemque
923 1123 1074 1160 Graecis
1093 1122 1249 1160 Ionibus
1267 1122 1475 1160 custodien-

91 1191 183 1228 dum
197 1190 367 1229 tradidit.
415 1191 513 1228 Tum
532 1191 571 1228 in
591 1191 751 1240 Scythas
771 1203 855 1228 cum
874 1190 1049 1227 omnibus
1064 1189 1179 1239 copiis
1197 1189 1386 1238 profectus
1405 1194 1471 1227 est.

91 1258 253 1307 Scythae
285 1263 413 1296 autem
444 1258 561 1296 aciem
589 1258 824 1295 committere
851 1257 1040 1295 nolebant.
1096 1257 1157 1294 Ita
1184 1269 1300 1306 quum
1327 1261 1475 1306 tempus

93 1325 364 1373 extraheretur,
396 1338 517 1375 neque
547 1325 631 1362 finis
658 1325 757 1362 ullus
789 1329 996 1375 appareret,
1026 1324 1175 1371 Darius,
1205 1324 1318 1361 misso
1350 1324 1475 1373 equite

93 1392 142 1430 ad
158 1392 384 1442 Scytharum
402 1405 539 1442 regem,
557 1392 816 1442 interrogavit,
841 1392 934 1430 ‘Cur
953 1404 1099 1441 semper
1116 1390 1299 1441 fugeret'l'
1365 1390 1476 1428 Dixit

95 1460 220 1508 etiam,
238 1464 247 1481 ‘
260 1460 396 1498 debere
415 1473 501 1497 eum
516 1464 581 1497 aut
599 1472 765 1509 pugnam
784 1459 1030 1505 committere,
1047 1462 1112 1496 aut
1125 1463 1266 1495 terram
1284 1462 1322 1495 et
1340 1470 1475 1507 aquam

94 1527 287 1576 ferentem,
310 1529 348 1565 in
368 1528 595 1577 colloquium
613 1528 764 1566 venire.'

294 1700 378 1739 lee
396 1713 575 1751 message
592 1699 682 1738 and
691 1698 802 1750 gz’fts
821 1699 874 1749 of
886 1699 951 1738 tlte
972 1699 1170 1749 Scythiam
1191 1699 1299 1750 king.

151 1792 368 1832 145.—Ad
387 1793 478 1830 haec
497 1792 723 1841 Scytharum
742 1805 811 1829 rex
829 1792 920 1829 haec
937 1792 1132 1841 respondit
1148 1807 1154 1829 :
1185 1794 1192 1811 ‘
1208 1791 1320 1829 Nolle
1336 1805 1374 1829 se
1387 1805 1477 1842 pug-

96 1873 195 1907 nare,
210 1860 275 1909 qui
286 1873 354 1898 nec
369 1860 508 1909 oppida
521 1873 589 1897 nec
604 1859 704 1897 culta
716 1872 806 1896 arva
820 1859 1012 1906 haberent,
1028 1871 1122 1908 quae
1137 1858 1338 1896 defendere
1350 1858 1477 1896 deber-

95 1931 170 1964 ent.
226 1926 301 1964 Pro
330 1932 456 1964 autem
474 1931 575 1964 terra
602 1931 640 1964 et
659 1939 766 1976 aqua,
783 1939 875 1975 quas
901 1925 1138 1975 postulasset,
1168 1925 1267 1963 dona
1294 1925 1367 1963 alia
1393 1926 1476 1963 mis-

96 2007 234 2032 surum.
291 1994 337 2031 In
355 1994 494 2032 malam
513 2007 659 2031 crucem
676 1993 835 2043 proinde
863 1993 1006 2031 abiret.'
1060 1992 1161 2030 Illud
1186 1992 1302 2042 igitur
1328 2006 1478 2042 respon-

96 2073 178 2097 sum
209 2074 342 2110 praeco
374 2062 422 2099 ad
458 2061 617 2099 Darium
648 2060 787 2098 retulit.
857 2060 1026 2098 Tandem
1063 2060 1224 2109 Scythae
1256 2072 1476 2110 praeconem

95 2127 289 2176 miserunt,
311 2129 375 2178 qui
397 2128 497 2166 dona
514 2129 669 2173 ferebat,
690 2141 799 2165 avem
817 2132 857 2165 et
877 2141 1023 2165 murem
1042 2132 1080 2165 et
1105 2140 1237 2165 ranam
1255 2131 1293 2165 et
1312 2128 1477 2178 quinque

93 2195 259 2244 sagittas.
317 2195 420 2233 Haec
448 2195 548 2233 dona
573 2196 791 2234 afferentem
817 2195 1098 2245 interrogarunt
1125 2195 1271 2242 Persae,
1292 2207 1477 2244 quaenam

93 2266 191 2300 esset
222 2275 328 2300 mens
359 2263 605 2301 mittentium.
669 2261 880 2312 Respondit
910 2275 1066 2312 praeco:
1106 2261 1235 2299 ‘Nihil
1266 2261 1369 2299 aliud
1406 2262 1477 2300 sibi

92 2328 314 2367 mandatum
347 2343 436 2376 esse,
471 2330 543 2367 nisi
575 2334 618 2367 ut
649 2330 707 2367 his
726 2329 825 2367 datis
855 2341 967 2378 quam
998 2329 1162 2378 primum
1194 2329 1337 2376 abiret3
1377 2329 1477 2378 ipsos
