1591 2492
0 2340 9 2492 nur-»swv-
0 2299 2 2303 *

69 89 167 115 PART
186 78 254 128 1v.]
593 73 927 112 ANECDOTES.
1405 81 1449 117 95

66 203 234 240 uxorque
271 189 404 227 dolens
441 187 594 235 diceret,
633 187 822 224 ‘liberum
858 186 966 223 illum
1004 184 1107 221 omni
1144 183 1281 221 scelere
1319 182 1416 220 mori
1429 182 1454 229 ς’

90 258 215 305 Quid‚'
234 257 346 301 dixit,
369 261 377 277 ‘
391 269 439 294 an
459 256 516 293 vis
535 269 594 293 me
613 268 721 293 reum
739 253 838 291 mori
851 253 885 290 ‘l'

588 382 810 423 Berenice’s
829 381 935 421 lzaz'r.

117 478 405 525 268.—Quum
433 478 674 515 Ptolemaeus
702 477 909 526 Euergetes
937 476 976 513 in
997 474 1147 524 Syriam
1173 474 1457 524 expeditionem

67 554 228 597 pararet,
256 559 353 584 uxor
379 546 458 583 eius
486 545 678 590 Berenice,
699 557 795 594 quae
822 557 909 581 eum
928 543 1038 581 valde
1067 543 1230 589 amabat,
1251 543 1458 592 periculum

68 616 199 660 verita,
229 615 289 652 cui
317 614 469 651 obviam
496 614 618 650 iturus
646 618 739 658 erat,
769 625 807 649 se
840 612 995 661 capillos
1025 625 1111 649 suos
1144 611 1216 648 Dis
1245 611 1459 648 oblaturam

68 682 236 732 pollicita
264 686 332 728 est,
362 682 393 718 si
421 681 577 718 domum
604 680 803 718 incolumis
830 680 982 717 rediret.
1040 680 1125 717 Rex
1157 685 1285 716 autem
1318 679 1456 725 salvus,

69 750 227 787 devictis
254 750 439 796 hostibus,
468 749 623 786 domum
651 747 774 785 rediit.
832 747 930 784 Tum
949 761 1038 785 vero
1067 747 1247 785 Berenice
1276 748 1460 785 abscissos

70 818 224 868 capillos
251 818 310 855 dis
338 817 487 855 obtulit.
560 817 633 864 Qui
661 830 779 866 quum
806 816 1086 867 negligentibus
1119 815 1378 854 sacerdotibus
1407 816 1460 853 in-

70 886 191 923 veniri
209 898 286 923 non
304 886 528 935 potuissent,
549 886 668 922 iratus
686 898 754 922 rex
768 890 931 922 mortem
950 885 995 922 iis
1014 885 1180 922 minatus
1200 889 1267 922 est.
1325 884 1460 934 Itaque

71 953 203 991 Conon
222 953 388 1003 quidam,
416 958 460 990 ut
487 953 582 990 iram
609 953 707 1002 regis
734 953 911 1002 placaret,
939 953 1093 1002 capillos
1121 952 1159 989 in
1190 952 1333 990 caelum
1362 966 1384 990 a
1404 952 1460 989 dis

71 1021 217 1059 ablatos
235 1034 314 1058 esse
334 1025 373 1058 et
391 1021 539 1070 signum
560 1021 701 1058 factum
722 1034 801 1058 esse
821 1020 950 1058 edixit.

614 1149 652 1187 T
652 1163 724 1187 rue
744 1149 926 1187 wz'sdom.

121 1243 385 1284 269.-Olim
404 1257 522 1293 quum
544 1244 656 1280 lones
676 1243 832 1292 quidam
851 1243 942 1280 retis
962 1256 1081 1280 unum
1100 1244 1241 1281 iactum
1258 1245 1305 1282 de
1333 1246 1460 1282 nautis

67 1311 261 1349 nonnullis
280 1311 471 1357 emissent,
492 1315 664 1348 extracto
683 1311 722 1348 in
751 1310 842 1348 litus
861 1311 945 1357 reti,
965 1311 1088 1361 tripus
1116 1325 1251 1350 aureus
1271 1313 1457 1363 apparuit.

68 1378 166 1416 Tum
182 1379 395 1417 dicentibus
415 1379 541 1416 nautis
561 1392 599 1416 se
618 1378 731 1416 modo
751 1379 870 1428 pisces
891 1379 956 1428 qui
984 1386 1208 1429 caperentur
1227 1381 1456 1428 vendidisse,

67 1446 223 1484 Ionibus
251 1451 382 1485 contra
408 1447 694 1493 affirmantibus,
724 1447 852 1484 omnia
880 1460 975 1496 quae
1008 1448 1047 1484 in
1080 1449 1152 1486 reti
1183 1455 1293 1499 capta
1320 1455 1458 1497 essent,

68 1528 147 1553 esse
175 1528 253 1562 sua,
285 1515 332 1553 de
358 1515 509 1565 tripode
536 1516 620 1553 rixa
648 1520 776 1553 coorta
804 1520 869 1553 est.
928 1516 1062 1565 Itaque
1091 1521 1134 1554 ut
1162 1519 1456 1556 controversiam

67 1582 301 1628 dirimerent,
315 1583 506 1620 oraculum
520 1583 690 1633 Delphos
704 1583 918 1621 consultum
930 1585 1124 1622 miserunt.
1169 1585 1304 1623 Edixit
1318 1587 1460 1636 Pythia

69 1656 111 1688 ut
138 1651 283 1688 homini
310 1651 540 1689 Graecorum
569 1652 846 1702 sapientissimo
874 1652 1030 1690 daretur
1062 1654 1194 1703 tripus.
1251 1654 1374 1693 Datus
1403 1661 1460 1693 est

68 1719 191 1766 Thali,
219 1719 285 1769 qui
311 1719 440 1757 Bianti
468 1720 629 1758 tradidit
644 1735 654 1768 5
693 1720 857 1770 denique
885 1721 933 1758 ad
962 1721 1141 1760 Solonem
1173 1725 1359 1772 pervenit,
1393 1725 1459 1774 qui

68 1787 169 1824 Deos
188 1787 287 1824 solos
306 1787 495 1836 sapientes
515 1801 595 1826 esse
623 1794 738 1835 ratus,
760 1789 807 1826 ad
827 1790 1017 1839 Apollinis
1045 1791 1177 1829 aedem
1205 1792 1309 1830 mitti
1328 1793 1459 1831 deberi

68 1854 223 1892 censuit.

480 1983 517 2020 T
513 1983 562 2021 lze
579 1984 730 2033 crnelty
749 1985 801 2034 of
817 1984 1038 2036 Cambyses.

119 2073 488 2123 270.--Cambyses
507 2075 709 2113 Persarum
727 2090 795 2114 rex
813 2091 960 2115 merum
979 2084 1089 2117 extra
1116 2081 1272 2119 modum
1292 2082 1456 2122 bibebat.

68 2143 311 2192 PraexaspeS,
332 2155 430 2180 unus
449 2156 497 2180 ex
516 2144 657 2191 amicis,
684 2158 770 2183 eum
798 2146 889 2184 olim
911 2148 1111 2186 admonuit
1137 2155 1181 2187 ut
1208 2151 1338 2189 bibere
1366 2153 1460 2190 desi-

68 2215 187 2256 neret,
223 2223 351 2260 regem
387 2211 535 2248 ebrium
571 2226 651 2250 esse
692 2214 936 2253 inhonestum
973 2218 1173 2257 affirmans.
1247 2220 1462 2270 Respondit

69 2277 286 2326 Cambyses,
309 2278 520 2328 ‘Equidem
538 2280 610 2317 tibi
628 2283 849 2320 monstrabo
875 2284 1016 2331 statim,
1042 2299 1165 2324 meam
1192 2300 1347 2326 manum
1375 2294 1461 2339 post

68 2345 277 2383 bibendum
304 2359 442 2384 munus
470 2360 579 2384 suum
607 2354 798 2397 praestare
826 2352 957 2400 posse'
1012 2353 1121 2398 Tum,
1153 2368 1269 2404 quum
1297 2357 1459 2395 multum
