1591 2492
71 103 173 128 PART
194 91 262 142 1V.]
328 94 443 129 THE
471 93 652 129 THIRD
683 93 947 130 INVASION
977 93 1045 130 OF
1075 92 1302 130 GREECE.
1414 103 1459 139 79

67 204 301 255 sponderunt
328 205 445 255 Magi,
477 205 624 242 ‘Deum
649 205 802 243 Graecis
830 205 1040 255 significare
1067 206 1220 243 urbium
1246 205 1460 243 excidium:

67 271 185 309 solem
223 271 325 309 enim
357 271 511 309 Graecis
547 272 676 309 futura
716 271 937 322 significare,
975 272 1101 310 Persis
1138 277 1265 310 autem
1305 272 1458 310 lunam.’

66 338 211 385 Quibus
230 338 371 376 auditis
388 339 541 389 gavisus
560 339 719 386 Xerxes,
739 339 896 377 educere
916 340 1041 388 copias
1060 340 1210 389 incepit.

407 471 568 510 Xerxes
586 471 770 521 complz'es
790 469 893 509 witlz
912 484 939 508 a
960 476 1124 520 request.

115 556 376 595 225.-Tum
391 555 554 604 Pythius
570 555 736 605 quidam,
751 555 968 605 prodigium
982 555 1138 602 veritus,
1154 535 1283 593 oravit
1290 556 1458 594 Xerxem

64 628 108 660 ut
125 636 244 660 unum
271 636 291 659 e
319 623 485 672 quinque
504 623 602 669 filiis,
623 623 688 672 qui
713 623 753 659 in
780 622 949 659 exercitu
969 626 1105 669 essent,
1126 622 1199 660 sibi
1216 623 1456 673 relinqueret.

64 689 136 728 Cui
153 690 398 728 vehementer
421 690 540 728 iratus
558 690 757 740 respondit
781 703 871 728 rex:
901 694 910 710 ‘
925 689 957 728 O
985 690 1099 727 homo
1127 694 1314 740 nequam!
1342 704 1459 741 quum

64 770 132 807 ego
151 757 248 795 filios
266 771 369 795 meos
389 762 427 795 et
445 757 580 795 fratres
598 771 746 796 mecum
761 758 907 805 ducam,
929 762 972 795 tu
991 771 1103 796 ausus
1118 771 1157 796 es
1176 759 1233 796 tui
1252 759 1320 796 filii
1338 759 1459 797 facere

63 825 319 863 mentionem!
373 825 563 875 Equidem
590 826 711 863 filium
739 830 849 863 tuum
876 826 949 864 tibi
982 826 1082 864 dabo
1099 826 1120 863 1’
1176 826 1260 864 Hoc
1287 827 1378 865 dato
1406 841 1460 865 re-

63 906 212 942 sponso,
232 894 435 943 imperavit
452 897 496 930 ut
522 894 711 931 maximus
739 898 833 931 natu
861 907 881 931 e
908 894 996 932 filiis
1024 894 1156 943 Pythii
1183 894 1460 933 discinderetur

63 960 219 1009 medius,
240 960 461 1010 discissique
480 961 646 1010 corporis
665 961 868 999 dimidium
882 961 932 999 ad
951 961 1128 1000 dextram
1146 962 1240 1009 viae,
1258 962 1459 1001 dimidium

64 1027 111 1065 ad
131 1028 323 1066 sinistram
343 1028 619 1077 disponeretur,
639 1033 758 1078 utque
777 1029 843 1067 illa
861 1029 924 1067 via
942 1030 1123 1067 transiret
1142 1031 1340 1069 exercitus.

481 1177 563 1215 lee
582 1177 731 1215 revz'ew
751 1178 804 1227 os
816 1178 881 1216 tlze
889 1178 1036 1228 forces.

114 1262 408 1310 226.—-Abydi
423 1275 512 1299 vero
529 1263 675 1300 Xerxes
694 1264 916 1301 universum
935 1264 1144 1301 exercitum
1163 1264 1280 1302 oculis
1298 1265 1458 1303 lustrare

64 1329 193 1367 voluit.
228 1330 279 1367 Et
294 1329 341 1367 de
353 1330 542 1367 industria
564 1331 617 1368 ibi
632 1331 671 1368 in
690 1331 838 1368 tumulo
857 1336 1081 1381 praeparata
1100 1332 1134 1369 ei
1153 1337 1235 1370 erat
1249 1333 1356 1371 sedes
1376 1335 1459 1372 sub-

63 1397 163 1435 limis
192 1411 239 1435 ex
266 1397 428 1435 candido
456 1411 643 1436 marmore
662 1399 778 1437 facta:
813 1402 927 1448 quam
946 1400 1127 1449 Abydeni
1156 1401 1255 1451 regis
1277 1401 1457 1439 mandato

63 1464 166 1513 prius
185 1465 363 1502 fecerant.
420 1464 481 1502 Ibi
499 1465 616 1514 igitur
635 1466 780 1515 sedens,
803 1468 1081 1517 contemplatus
1109 1473 1167 1506 est
1186 1473 1225 1506 et
1242 1469 1458 1518 pedestrem

64 1530 271 1567 exercitum
290 1536 328 1568 et
346 1545 462 1569 naves
478 1548 486 1570 2
514 1546 607 1582 quas
626 1533 719 1571 dum
748 1535 1037 1585 contemplatur,
1059 1536 1201 1574 invasit
1215 1551 1302 1575 eum
1322 1538 1458 1588 cupido

63 1600 278 1637 certaminis
296 1601 442 1638 navalis
470 1602 676 1651 spectandi.
734 1603 845 1650 Quod
864 1605 930 1642 ubi
959 1605 993 1642 ei
1012 1605 1158 1643 editum
1186 1611 1244 1644 est
1272 1611 1460 1656 spectacu-

62 1666 152 1713 lum,
173 1667 213 1704 in
233 1681 307 1717 quo
325 1669 447 1706 vicere
461 1669 679 1719 Phoenices,
698 1672 851 1720 gavisus
867 1677 925 1709 est
939 1677 978 1710 et
993 1674 1200 1712 certamine
1220 1678 1258 1712 et
1277 1675 1455 1713 exercitu.

63 1734 307 1784 Oonspiciens
339 1741 466 1774 autem
510 1738 803 1788 Hellespontum
839 1740 1001 1778 navibus
1038 1742 1114 1779 suis
1151 1747 1381 1792 coopertum,
1420 1748 1459 1780 et

63 1815 168 1840 oram
186 1815 337 1841 omnem
355 1804 572 1843 hominibus
591 1807 788 1856 repletam,
811 1808 965 1846 beatum
993 1822 1031 1846 se
1060 1809 1207 1848 Xerxes
1226 1824 1306 1848 esse
1334 1811 1457 1849 dixit:

62 1870 165 1907 haud
196 1884 286 1909 vero
314 1872 435 1910 multo
462 1878 549 1922 post
576 1874 749 1912 lacrimas
777 1875 901 1923 fudit3
932 1877 1084 1915 dicebat
1111 1879 1224 1927 enim,
1262 1882 1459 1929 ‘reputare

64 1950 102 1974 se
117 1951 231 1986 quam
245 1939 370 1977 brevis
386 1945 485 1978 esset
499 1941 663 1980 hominis
675 1943 756 1980 vita
768 1957 778 1990 3
807 1956 925 1993 quum
938 1958 1078 1993 eorum,
1095 1950 1155 1983 tot
1168 1959 1327 1985 numero
1342 1947 1458 1985 homi-

63 2017 166 2053 num,
186 2005 312 2044 nullus
332 2007 372 2044 in
392 2008 640 2046 centesimum
658 2023 801 2048 annum
821 2012 1086 2061 superfuturus
1104 2014 1225 2052 esset.'

415 2151 499 2190 Tlce
515 2153 702 2204 crossing
719 2155 771 2205 of
783 2155 849 2194 tlze
867 2157 920 2195 H
917 2158 1112 2208 ellespont.

114 2234 326 2272 227.-Et
344 2235 409 2273 illo
433 2236 587 2286 quidem
606 2238 667 2276 die
690 2241 877 2289 parabant
904 2244 1131 2282 transitum:
1159 2246 1344 2295 postridie
1370 2261 1458 2286 vero

65 2298 182 2336 solem
208 2302 490 2352 exspectabant,
521 2305 714 2354 cupientes
742 2308 929 2346 orientem
956 2310 1097 2358 videre,
1128 2316 1167 2349 et
1194 2312 1328 2352 odores
1356 2315 1459 2352 omni

63 2378 198 2413 genere
226 2367 265 2404 in
292 2370 473 2418 pontibus
500 2377 666 2422 urentes,
687 2378 727 2411 et
744 2376 880 2422 myrtis
899 2377 1002 2415 viam
1025 2383 1246 2419 sternentes.
1304 2382 1460 2421 Oriente
