1591 2492
84 84 274 136 PART1v.]
339 87 455 123 THE
482 87 666 123 THIRD
698 86 961 123 INVASION
992 86 1061 123 OF
1091 86 1317 123 GREECE.
1427 87 1472 132 85

81 213 210 239 caussa
236 201 339 239 haud
367 201 498 251 procul
535 202 694 247 abesset,
723 206 783 238 ter
811 201 857 238 de
894 200 987 237 solio
1023 212 1091 237 suo
1121 200 1329 246 exsiluisse,
1357 205 1477 238 metu-

79 271 207 305 entem
234 268 375 306 scilicet
407 268 589 306 exercitui
621 281 698 306 suo.
755 268 830 305 Per
857 273 934 305 tres
962 267 1042 305 dies
1071 267 1270 305 continuos
1297 267 1476 304 acerrime

79 340 290 387 pugnatum
308 341 366 374 est
380 352 391 384 3
418 337 520 374 idem
539 350 687 387 pugnae
707 341 865 374 eventus
885 341 974 374 erat.

666 463 898 515 Trcacllely.

130 551 357 590 242.—1bi
376 556 459 589 tum
477 565 605 601 regem
624 550 705 588 adit
725 551 921 600 Ephialtes
938 550 1094 599 quidam
1112 550 1321 600 transfuga,
1343 550 1475 600 ingens

78 618 126 656 ab
138 619 202 656 illo
215 618 425 669 praemium
440 633 478 656 se
493 619 702 656 relaturum
717 631 882 667 sperans,
896 617 1155 667 indicavitque
1171 617 1205 654 ei
1220 618 1395 655 semitam
1408 630 1476 666 per

77 691 226 724 montes
245 686 294 724 ad
319 686 593 735 Thermopylas
611 685 806 722 ferentem.
863 684 1011 721 Xerxes
1038 684 1285 722 vehementer
1310 684 1474 734 gavisus,

77 754 148 791 sub
166 758 318 792 noctem
346 754 471 803 copias
502 753 617 798 misit,
639 766 734 801 quae
754 752 917 790 Graecos
938 752 1264 789 circumvenirent.
1321 752 1474 790 Graecis

81 833 180 867 vero,
199 821 265 870 qui
294 820 342 858 ad
367 820 641 869 Thermopylas
666 823 786 866 erant,
812 824 931 865 vates,
961 819 1140 869 inspectis
1167 819 1344 865 victimis,
1372 832 1476 868 prae-

78 889 228 926 dixerat
258 893 420 926 mortem
452 889 575 938 prima
605 888 687 925 luce
720 888 765 925 iis
797 888 1027 925 instantem:
1064 891 1147 924 tum
1175 887 1302 924 nuntii
1330 886 1473 934 dieunt,

77 957 212 994 Persas
233 957 371 994 circum
390 961 560 994 montem
581 956 714 993 semita
734 955 800 993 illa
819 956 976 993 venisse.

452 1136 535 1175 Tlce
555 1135 739 1175 devotion
761 1136 814 1186 of
827 1135 892 1175 the
914 1135 1132 1186 Sparlans.

121 1221 431 1262 243.—Dicunt
444 1227 572 1259 autem
585 1222 643 1258 nis
655 1221 843 1258 nuntiatis
856 1221 1065 1258 Leonidam
1079 1221 1198 1259 socios
1212 1220 1412 1267 dimisisse,
1422 1219 1475 1257 (li-

78 1295 237 1336 centem,
259 1294 268 1310 ‘
281 1303 319 1327 se
339 1295 377 1327 et
396 1289 604 1339 Spartanos
623 1301 701 1326 non
720 1288 852 1326 decere
868 1288 1073 1325 stationem
1092 1288 1276 1336 deserere,
1297 1287 1346 1325 ad
1362 1301 1475 1337 quam

79 1356 368 1395 custodiendam
386 1357 493 1394 missi
512 1356 662 1394 essent!
709 1356 760 1393 Et
775 1369 844 1406 ego
864 1369 1015 1406 quoque
1030 1356 1069 1392 in
1084 1356 1155 1393 hac
1174 1368 1259 1393 sum
1273 1356 1473 1404 sententia,

78 1424 300 1471 Leonidam,
322 1438 440 1475 quum
457 1425 615 1462 minime
630 1429 827 1474 promptos
847 1438 928 1462 esse
948 1424 1067 1462 socios
1083 1424 1252 1473 vidisset,
1269 1424 1372 1462 abire
1390 1424 1475 1462 illos

78 1493 229 1531 iussisse
242 1508 252 1541 ;
289 1494 362 1531 sibi
389 1498 526 1540 autem,
556 1498 601 1530 ut
627 1493 760 1541 abiret,
791 1493 1035 1530 inhonestum
1067 1492 1262 1531 iudicasse.
1319 1492 1472 1539 Contra,

79 1563 111 1600 si
137 1567 309 1608 restaret,
330 1563 463 1612 ingens
486 1575 573 1599 eum
599 1561 720 1612 gloria
746 1562 939 1608 manebat,
959 1567 998 1598 et
1026 1561 1183 1610 Spartae
1211 1561 1366 1598 fortuna
1393 1574 1471 1598 non

79 1631 402 1680 exstinguebatur.
472 1630 626 1668 Etenim
659 1631 867 1680 Spartanis,
905 1630 1099 1668 oraculum
1134 1632 1174 1668 in
1210 1631 1333 1680 primo
1365 1630 1477 1668 huius

79 1698 170 1736 belli
197 1697 307 1734 initio
336 1697 632 1743 consulentibus,
660 1697 910 1746 responderat
937 1697 1090 1747 Pythia,
1115 1702 1202 1735 ‘aut
1229 1711 1402 1735 eversum
1430 1698 1477 1735 iri

80 1766 258 1816 Spartam
277 1778 299 1802 a
317 1765 500 1812 barbaris,
521 1770 587 1802 aut
606 1766 775 1815 ipsorum
794 1779 921 1816 regem
940 1766 1176 1815 periturum.’

546 1935 630 1974 lee
647 1936 729 1974 end
743 1935 796 1986 of
808 1935 1024 1974 Leonidas.

123 2020 392 2059 244.—Tum
405 2020 553 2057 Xerxes
566 2021 825 2057 circumsessos
837 2020 1006 2069 undique
1019 2020 1229 2069 Spartanos
1241 2018 1397 2058 adortus
1409 2025 1476 2058 est.

81 2088 365 2137 Manipulorum
390 2088 515 2134 duces,
535 2088 694 2138 flagellis
712 2102 734 2126 a
752 2094 859 2138 tergo
887 2089 1085 2134 instantes,
1106 2093 1144 2124 et
1171 2101 1479 2137 unumquemque

81 2157 293 2203 caedentes,
313 2170 399 2194 suos
420 2157 671 2194 concitabant.
729 2157 865 2206 Itaque
884 2157 997 2193 multi
1016 2157 1056 2193 in
1081 2170 1185 2194 mare
1213 2156 1358 2206 delapsi
1386 2157 1479 2206 peri-

81 2230 203 2270 erunt,
224 2225 347 2271 multi,
377 2225 442 2262 alii
474 2225 522 2262 ab
551 2225 646 2271 aliis,
677 2225 757 2262 vivi
787 2225 996 2262 conculcati
1027 2230 1139 2263 sunt:
1178 2238 1246 2262 nec
1275 2225 1354 2262 ulla
1381 2225 1480 2262 ratio

81 2292 295 2331 habebatur
321 2293 573 2343 pereuntium.
631 2293 777 2331 Hastae
805 2293 1037 2331 Graecorum
1068 2293 1145 2331 iam
1172 2298 1264 2331 tunc
1290 2293 1481 2342 plerisque

81 2361 223 2398 fractae
251 2366 370 2409 erant,
394 2366 434 2399 et
460 2361 596 2411 gladiis
624 2361 759 2398 Persas
788 2361 1047 2399 conficiebant.
1105 2361 1165 2399 Ibi
1192 2361 1381 2399 Leonidas
1409 2361 1479 2398 for-
