1591 2492
75 78 174 103 PART
192 65 261 117 1v.]
376 67 491 103 THE
518 65 803 102 CAMPAIGN
834 64 892 99 IN
922 63 1139 101 CYPRUS.
1402 72 1449 109 59

72 180 237 217 exercitu
282 180 486 217 affuturum
522 192 600 216 esse
636 178 676 215 in
711 177 890 227 Cyprum.
964 176 1047 223 Quo
1083 176 1233 226 cognito
1277 175 1451 213 Onesilus

72 248 233 297 Cyprius
260 261 482 298 praeconem
508 246 653 284 dimisit
679 259 746 295 per
772 245 930 291 Ioniam,
951 244 1091 282 auxilio
1110 244 1222 282 Ionas
1241 243 1450 282 advocans:

72 327 139 352 nec
157 315 222 352 diu
242 327 281 352 re
300 314 518 360 deliberata,
534 314 722 351 affuerunt
740 311 851 348 Iones
870 324 954 348 cum
972 324 1110 361 magna
1128 311 1252 349 classe.
1305 310 1449 348 Eodem

71 387 240 430 tempore
276 394 350 430 quo
387 381 497 418 Iones
534 379 730 425 advenere,
759 379 896 416 Persae
933 378 1059 425 etiam,
1088 391 1205 427 quum
1240 378 1400 415 navibus
1432 391 1452 414 e

74 448 205 486 Cilicia
239 449 484 494 traiecissent,
517 447 682 497 pedestri
719 446 853 483 itinere
891 445 1120 483 Salaminem
1155 445 1452 483 contenderunt:

72 517 231 554 navibus
259 522 386 554 autem
413 515 619 552 Phoenices
647 513 1014 562 circumnavigarunt
1041 512 1339 563 promontorium
1358 524 1452 561 quae

72 583 206 621 Claves
224 583 342 633 Cypri
360 587 552 621 vocantur.

460 700 567 750 Tlcey
585 698 686 737 laold
699 711 725 736 a
745 698 902 737 comecil
919 697 970 747 of
982 711 1081 736 war.

128 785 385 832 174.—Quae
400 798 516 834 quum
534 785 589 821 ita
607 788 743 829 essent,
759 783 892 832 Cyprii
911 783 1064 831 tyranni
1083 786 1305 820 convocatos
1320 782 1455 819 Ionum

73 853 185 890 duces
204 854 258 890 ita
276 852 427 890 allocuti
446 856 556 889 sunt:
585 854 594 871 ‘
610 850 741 896 Vobis,
761 850 883 896 Iones,
903 863 972 887 nos
991 849 1123 899 Cyprii
1140 849 1395 904 permittimus
1414 854 1457 886 ut

76 920 219 969 eligatis
238 933 322 957 cum
336 919 432 956 utris
451 918 578 955 velitis
597 917 795 966 confligere
808 931 819 964 3
838 929 923 953 cum
938 916 1075 963 Persis,
1091 929 1139 954 an
1159 930 1243 954 cum
1262 916 1456 953 Phoenici-

73 987 153 1026 bus.
210 986 319 1033 Quod
338 986 369 1023 si
387 985 553 1035 pedestri
571 997 698 1034 pugna
717 997 801 1021 cum
820 983 946 1021 Persis
964 983 1081 1021 vultis
1100 983 1288 1033 congredi,
1308 987 1457 1033 oportet

74 1068 152 1101 vos,
165 1054 269 1092 nulla
286 1053 510 1103 interposita
527 1065 644 1099 mora,
664 1052 824 1089 navibus
843 1064 1021 1101 egressos,
1041 1050 1255 1100 pedestrem
1272 1051 1457 1088 instruere

75 1122 214 1169 aciem-3
254 1134 322 1159 nos
362 1134 464 1168 ver0,
493 1120 703 1158 conscensis
730 1119 891 1156 navibus
926 1119 1073 1165 vestris,
1102 1118 1353 1156 Phoenicibus
1390 1131 1458 1155 nos

76 1201 273 1238 opponere.
334 1188 402 1226 Sin
439 1201 524 1225 cum
558 1186 811 1224 Phoenicibus
847 1190 995 1223 tentare
1030 1186 1223 1223 fortunam
1257 1185 1459 1232 mavultis3

75 1261 347 1305 utramcunque
355 1259 501 1304 partem
519 1255 718 1304 elegeritis,
737 1268 890 1304 operam
908 1254 998 1291 dare
1016 1267 1165 1291 necesse
1184 1258 1252 1300 est,
1272 1257 1326 1299 ut,
1347 1265 1461 1302 quan-

76 1330 157 1362 tum
171 1338 239 1374 per
251 1338 319 1363 vos
334 1325 414 1362 fieri
428 1328 565 1373 potest,
580 1323 719 1360 liberae
739 1322 815 1359 sint
831 1326 869 1359 et
883 1321 991 1359 Ionia
1008 1326 1047 1359 et
1065 1321 1236 1370 Cyprus.'
1288 1320 1352 1358 Ad
1370 1320 1461 1357 haec

77 1393 187 1430 Iones
205 1392 481 1442 responderunt
496 1407 503 1429 :
524 1396 533 1412 ‘
549 1391 629 1428 Nos
642 1391 750 1428 Ionia
768 1390 873 1427 misit
899 1394 943 1427 ut
969 1402 1072 1427 mare
1089 1388 1343 1426 custodiamus
1355 1403 1366 1435 3
1384 1400 1461 1425 non

77 1465 121 1497 ut
146 1473 261 1497 naves
281 1464 428 1497 nostras
447 1458 641 1496 tradentes
666 1457 828 1507 Cypriis,
849 1457 921 1506 ipsi
939 1469 1024 1494 cum
1051 1456 1176 1493 Persis
1194 1455 1360 1506 pedestri
1385 1455 1461 1492 acie

79 1528 330 1576 confligamus.
403 1527 484 1564 Nos
510 1526 637 1576 igitur,
659 1539 732 1575 qua
759 1529 866 1574 parte
893 1524 1006 1562 locati
1033 1537 1173 1571 sumus,
1193 1523 1233 1561 in
1260 1536 1304 1561 ea
1330 1522 1463 1560 utilem

78 1600 267 1644 praestare
286 1607 438 1643 operam
457 1593 697 1631 conabimur:
725 1605 793 1630 vos
820 1596 959 1638 autem,
984 1604 1169 1629 memores
1196 1591 1321 1640 qualia
1339 1590 1463 1627 Persis

79 1666 253 1711 parentes
288 1661 388 1711 passi
424 1661 472 1699 ab
507 1661 581 1698 illis
609 1661 702 1707 sitis,
731 1660 847 1697 fortes
874 1660 976 1697 viros
1004 1672 1082 1697 esse
1110 1658 1281 1708 oportet.'
1370 1657 1464 1694 Post

79 1731 181 1777 haec,
202 1743 318 1779 quum
337 1730 473 1767 Persae
500 1729 539 1766 in
561 1728 849 1766 Salaminiorum
877 1727 1119 1765 advenissent
1145 1738 1328 1775 campum,
1349 1724 1466 1762 aciem

81 1798 342 1835 instruxerunt
368 1810 473 1846 reges
507 1797 756 1846 Cypriorum:
799 1797 853 1833 ita
880 1795 1033 1845 quidem
1060 1799 1104 1832 ut
1136 1798 1278 1832 ceteros
1305 1792 1465 1842 Cyprios

81 1865 247 1902 hostium
266 1865 397 1902 ceteris
416 1865 599 1902 militibus
623 1868 868 1914 opponerent,
888 1863 1013 1901 Persis
1040 1867 1167 1900 autem
1193 1860 1418 1899 fortissimos
1446 1872 1466 1896 e

83 1932 296 1969 Salaminiis
324 1932 489 1970 selectos.
545 1932 689 1969 Contra
716 1931 924 1981 Artybium
950 1943 1051 1977 vero,
1084 1929 1219 1967 ducem
1254 1928 1465 1972 Persarum,

82 1999 216 2038 lubens
235 2001 342 2038 stetit
361 2000 544 2038 Onesilus.

505 2108 587 2146 Tlce
605 2107 775 2158 cllarger
793 2110 838 2157 ο]
855 2106 1071 2157 Artybius.

140 2193 509 2233 175.—Vehebatur
520 2193 704 2242 Artybius
723 2205 830 2242 equo,
852 2192 916 2241 qui
935 2196 1080 2229 erectus
1099 2195 1198 2228 stare
1218 2189 1396 2228 adversus
1416 2201 1467 2226 ar-

87 2265 231 2298 matum
245 2261 405 2298 militem
418 2260 571 2297 edoctus
584 2264 673 2297 erat.
722 2259 804 2306 Qua
817 2272 858 2296 re
873 2259 1024 2308 cognita
1039 2257 1224 2303 Onesilus,
1242 2269 1358 2306 quum
1372 2260 1469 2293 esset

87 2328 121 2365 ei
134 2328 296 2376 armiger
306 2340 441 2374 genere
454 2327 539 2367 Car.
548 2331 631 2364 arte
639 2326 774 2364 bellica
786 2327 906 2364 clarus
919 2331 957 2363 et
969 2326 1084 2363 animi
1096 2325 1241 2375 plenus,
1254 2323 1353 2361 dixit
1364 2323 1468 2361 huic:
