1591 2492
134 92 179 128 86
526 90 656 127 EASY
687 89 854 125 LATIN
883 88 1116 126 STORIES.
1323 90 1444 138 [PART
1465 98 1513 125 iv.

133 205 273 243 tissime
291 218 464 255 pugnans
488 205 734 252 interficitur3
763 205 866 242 cuius
886 217 998 254 super
1025 204 1205 242 cadavere
1233 217 1316 242 acre
1343 203 1417 241 fuit
1443 215 1516 240 cer-

132 277 268 310 tamen.
324 272 385 309 Ita
416 277 626 322 pugnatum
657 277 726 318 est,
755 272 875 309 donec
907 271 1095 309 advenere
1127 272 1192 322 qui
1223 285 1308 310 cum
1339 271 1516 321 Ephialte

132 345 248 379 erant.
304 340 402 377 Tum
428 340 563 390 gladiis
583 353 662 377 sese
690 340 948 386 defendentes,
978 341 1114 390 quibus
1139 340 1255 391 gladii
1284 343 1515 389 supererant,

131 408 194 445 alii
213 408 386 446 manibus
405 407 657 457 dentibusque
682 407 954 457 depugnantes,
975 407 1024 445 ad
1043 421 1161 446 unum
1180 421 1310 446 omnes
1328 406 1516 445 interfecti

132 479 229 513 sunt.

550 566 633 605 lee
652 567 815 606 bravest
833 567 884 617 os
897 566 962 606 tlze
981 567 1112 606 brave.

184 653 460 693 245.—Tales
474 666 589 702 quum
608 666 647 690 se
662 654 923 702 praestiterint
942 654 1131 703 Spartani,
1145 653 1371 690 fortissimus
1390 657 1518 690 tamen

131 736 178 760 ex
197 723 256 759 his
268 722 381 759 fuisse
401 722 540 758 dicitur
559 721 764 759 Dieneces:
793 735 905 771 quem
925 723 1042 768 aiunt,
1056 723 1276 771 priusquam
1296 735 1380 759 cum
1393 721 1518 758 Medis

131 791 460 841 congrederentur,
481 790 640 826 verbum
665 789 807 826 bonum
827 789 979 836 dixisse,
1009 803 1125 839 quum
1145 789 1388 827 Trachinium
1407 802 1519 839 quen-

131 859 218 896 dam
246 857 453 895 audivisset
480 856 680 903 dicentem,
703 861 711 877 ‘
725 857 876 905 quando
897 857 1047 894 barbari
1066 857 1143 895 tela
1170 857 1374 902 emiserint,
1395 856 1519 893 multi-

131 925 263 963 tudine
290 926 453 963 telorum
471 925 589 962 solem
609 925 849 962 obscuratum
869 925 915 962 iri
931 941 938 963 ε
966 930 1114 963 tantam
1133 926 1235 963 enim
1254 938 1333 963 esse
1352 924 1520 962 hostium

130 992 437 1031 multitudinem.'
516 992 630 1030 Hunc
661 993 789 1042 igitur,
818 993 872 1029 nil
900 994 1156 1042 perterritum,
1185 993 1251 1031 sed
1280 996 1519 1042 spernentem

130 1059 332 1097 Medorum
359 1059 657 1106 multitudinem,
685 1059 923 1108 respondisse
951 1060 1070 1107 aiunt,
1101 1060 1248 1097 ‘fausta
1275 1059 1402 1097 omina
1427 1070 1520 1095 nun-

131 1127 224 1165 tiare
251 1128 495 1165 Trachinium
506 1142 517 1175 3
545 1126 865 1177 quandoquidem,
885 1128 962 1166 sole
982 1129 1067 1166 telis
1095 1129 1306 1175 obscurato,
1327 1127 1366 1164 in
1385 1127 1519 1164 umbra

130 1194 334 1244 pugnaturi
352 1194 451 1232 sint.'
516 1193 620 1231 Haec
647 1198 686 1232 et
711 1194 879 1232 eiusdem
906 1195 1053 1245 generis
1082 1194 1155 1232 alia
1182 1193 1295 1239 dicta,
1315 1193 1516 1232 Dienecem

131 1262 239 1299 fortis
258 1262 373 1299 animi
391 1266 638 1300 monumenta
656 1262 852 1311 reliquisse
871 1263 988 1300 aiunt.

352 1403 390 1441 A
416 1402 513 1442 bird
532 1402 574 1441 in
597 1403 661 1442 tlze
679 1402 797 1441 hand
812 1402 945 1441 wortlz
968 1408 1046 1441 two
1069 1402 1111 1440 2⁰72
1134 1401 1199 1440 tlte
1219 1400 1328 1440 buslc.

182 1487 508 1527 246.—Interim
545 1488 791 1526 barbarorum
828 1501 944 1525 naves
979 1487 1151 1538 Aphetas
1188 1501 1226 1524 se
1263 1487 1501 1525 contulerant
1508 1503 1518 1536 ς

132 1554 257 1592 classis
272 1559 399 1592 autem
413 1556 557 1594 Graeca
570 1556 619 1593 ad
633 1555 882 1593 Artemisium
897 1560 986 1594 erat.
1043 1555 1168 1592 Duces
1183 1554 1319 1592 Graeci
1334 1554 1381 1591 de
1397 1568 1517 1604 capes-

132 1623 247 1660 senda
260 1624 350 1673 fuga
362 1624 569 1662 deliberare
585 1629 799 1673 coeperunt,
815 1628 919 1661 metu
934 1624 1105 1673 perculsi.
1162 1623 1272 1670 Quod
1290 1623 1337 1660 ab
1352 1623 1426 1660 illis
1445 1624 1517 1674 agi-

131 1691 203 1727 tari
225 1691 421 1728 consilium
439 1693 505 1729 ubi
524 1705 731 1742 cognovere
751 1692 1001 1738 Euboeenses,
1021 1691 1316 1728 Atheniensium
1334 1691 1420 1729 duci
1439 1705 1519 1741 per-

131 1761 328 1794 suasemnt
352 1756 611 1804 Themistocli,
639 1756 836 1807 proposita
862 1756 1051 1794 talentum
1078 1756 1240 1806 triginta
1276 1758 1458 1806 mercede,
1475 1772 1518 1796 ea

131 1825 356 1871 conditione,
376 1830 420 1862 ut
438 1826 490 1863 ibi
517 1831 726 1872 manerent,
747 1831 784 1863 et
811 1839 939 1875 pugna
958 1826 1214 1864 decernerent.
1273 1826 1324 1863 Et
1350 1826 1517 1865 Themis-

129 1893 255 1939 tocles,
275 1898 318 1930 ut
337 1894 389 1930 ibi
416 1898 614 1930 manerent
633 1893 777 1940 Graeci,
799 1893 869 1931 hoc
888 1893 1001 1931 modo
1025 1894 1157 1932 effecit.
1214 1893 1436 1943 Eurybiadi,
1453 1895 1518 1944 qui

129 1959 235 1998 classi
254 1966 436 2010 praeerat,
454 1962 619 2011 quinque
638 1961 792 1998 talentis
812 1961 961 2007 oblatis,
976 1962 1172 2010 persuasit.
1219 1961 1380 2008 Deinde,
1397 1976 1515 2012 quum

128 2039 147 2063 e
166 2027 318 2076 reliquis
346 2028 447 2065 solus
469 2029 712 2074 Adimantus,
734 2028 1020 2066 Corinthiorum
1038 2029 1128 2076 dux,
1150 2029 1395 2077 obniteretur,
1416 2029 1516 2069 hunc

127 2093 310 2131 allocutus
351 2099 430 2132 est:
472 2095 584 2132 ‘Non
616 2100 659 2132 tu
699 2095 853 2144 quidem
888 2108 958 2133 nos
994 2096 1164 2134 deseres:
1205 2096 1277 2133 tibi
1312 2096 1414 2133 enim
1446 2110 1515 2147 ego

125 2161 268 2198 maiora
295 2175 452 2200 munera
483 2163 593 2211 dabo,
628 2176 742 2212 quam
772 2164 954 2201 missurus
986 2164 1058 2201 tibi
1090 2168 1188 2201 esset
1219 2176 1299 2210 rex,
1332 2164 1364 2201 si
1395 2164 1515 2202 socios

125 2227 337 2267 desereres.’
391 2229 463 2267 His
492 2230 614 2277 dietis,
644 2243 760 2280 quum
787 2230 827 2268 in
860 2243 996 2268 navem
1023 2230 1223 2268 Adimanti
1249 2231 1324 2268 tria
1350 2231 1512 2270 misisset

125 2295 276 2343 talenta,
298 2297 472 2334 omnibus
491 2299 677 2347 persuasit
703 2303 747 2335 ut
774 2298 827 2336 ibi
856 2303 1076 2336 manerent:
1105 2299 1185 2347 ipse
1213 2303 1341 2336 autem
1367 2299 1514 2348 reliqua

122 2362 193 2399 sibi
211 2363 378 2401 retinuit.
