1591 2492
87 115 186 141 PART
206 102 274 155 1v.]
488 105 604 140 THE
632 103 980 141 AETHIOPIAN
985 105 1019 140 S.
1406 115 1473 138 101

84 219 303 258 affecissent.
359 219 495 269 Itaque
527 232 596 257 rex
627 218 864 268 Aethiopum
899 218 981 268 regi
1016 218 1220 256 Persarum
1256 217 1401 265 suadet,
1436 223 1478 255 ut

84 287 235 337 quando
259 287 315 325 ita
341 287 449 325 facile
477 287 636 325 arcubus
663 287 721 324 uti
748 286 860 324 huius
879 286 984 324 modi
1003 286 1140 324 Persae
1159 286 1365 336 potuerint,
1386 290 1477 324 tunc

85 357 367 407 expeditionem
403 356 443 393 in
475 369 543 393 nos
580 355 782 405 suscipiat.'
841 355 914 393 His
946 354 1058 392 dictis
1096 355 1275 405 sagittam
1308 368 1356 392 ex
1387 367 1474 392 arcu

86 424 212 462 emisit
230 424 350 473 iisque
371 424 435 473 qui
453 428 641 461 venerunt
661 436 789 460 arcum
807 422 977 460 tradidit.

495 560 546 598 H
543 573 564 598 e
581 560 787 598 examines
807 560 872 598 tlze
881 565 1075 610 presents.

136 646 398 687 283.—Tum
426 651 578 696 sumpto
610 645 737 695 pallio,
767 645 956 695 quaesivit
984 644 1076 695 quid
1108 649 1217 691 esset,
1247 649 1286 683 et
1313 658 1479 695 quonam

85 714 199 753 modo
236 714 388 752 factum.
462 713 534 752 Cui
571 726 689 763 quum
725 726 815 751 vera
859 712 1145 763 respondissent
1185 713 1477 764 Ichthyophagi,

89 783 262 821 ‘dolosos
294 782 363 820 hos
395 782 568 819 homines
598 781 701 827 esse,'
734 781 872 830 inquit,
904 785 967 818 ‘et
999 780 1131 818 dolosa
1162 781 1314 818 illorum
1341 782 1480 831 pallia!

88 850 237 889 Deinde
256 849 304 888 de
323 849 480 888 armillis
500 849 698 899 quaesivit.
747 849 948 898 Quumque
968 849 1014 886 de
1034 849 1104 887 hoc
1124 854 1260 887 ornatu
1280 849 1478 897 dixissent,

86 919 215 958 ridens
243 933 323 965 rex,
353 932 470 968 quum
503 917 702 968 compedes
729 931 808 956 esse
835 923 1017 968 putasset,
1047 918 1110 965 ait,
1141 918 1268 968 ‘apud
1287 919 1389 968 ipsos
1407 932 1482 957 me-

86 988 198 1026 liores
226 987 328 1024 hisce
356 986 556 1036 compedes
585 986 687 1024 esse.'
742 986 825 1024 Ubi
853 986 901 1024 ad
929 987 1061 1023 vinum
1085 986 1203 1032 venit,
1224 987 1335 1024 valde
1364 987 1481 1025 delec-

87 1060 189 1094 tatus
214 1059 320 1105 potu,
340 1053 479 1092 deinde
506 1054 768 1104 interrogavit,
799 1058 808 1074 ‘
824 1067 990 1104 quonam
1019 1054 1101 1091 cibo
1135 1058 1307 1092 uteretur
1334 1068 1413 1101 rex,
1443 1061 1483 1093 et

87 1123 281 1174 quodnam
303 1126 401 1160 esset
428 1122 575 1159 homini
601 1122 740 1159 Persae
768 1121 1032 1172 longissimum
1058 1122 1160 1159 vitae
1189 1123 1376 1171 spatium.‘
1431 1123 1482 1160 Et

88 1191 144 1229 illi
161 1195 294 1241 ’‘pane
312 1190 436 1237 vesci‚'
455 1190 609 1228 aiebant
623 1204 633 1238 ς
666 1190 881 1240 ‘octoginta
899 1203 989 1227 vero
1019 1203 1137 1227 annos
1166 1191 1372 1228 terminum
1400 1204 1479 1229 esse

89 1259 351 1310 longissimum
369 1259 472 1297 vitae
490 1258 655 1296 hominis
675 1258 832 1296 datum]
886 1258 985 1295 Tum
1012 1258 1211 1308 Aethiops,
1243 1262 1252 1278 ‘
1268 1259 1322 1296 nil
1341 1259 1481 1297 mirum

89 1327 192 1375 esse,'
221 1328 284 1374 ait,
320 1331 329 1348 ‘
346 1340 463 1376 quum
491 1327 560 1364 tali
590 1326 672 1364 cibo
702 1331 914 1373 vescantur,
944 1331 1024 1364 tam
1054 1327 1234 1377 exiguum
1264 1340 1326 1365 eos
1355 1328 1483 1365 vivere

89 1408 275 1434 annorum
305 1408 527 1442 numerum3
566 1394 631 1444 qui
660 1407 707 1431 ne
737 1398 796 1432 tot
826 1394 980 1444 quidem
1013 1407 1131 1432 annos
1158 1395 1287 1433 vivere
1316 1400 1481 1445 possent,

91 1463 164 1501 nisi
182 1463 253 1501 hoc
272 1467 365 1512 potu
384 1466 583 1500 uterentur
601 1478 608 1500 :
636 1462 706 1499 hoc
727 1462 828 1500 enim
846 1475 923 1500 uno
943 1476 965 1500 a
983 1463 1109 1500 Persis
1129 1476 1168 1501 se
1187 1464 1378 1514 superari)

526 1607 596 1647 He
615 1608 840 1647 astonz'slzes
860 1608 926 1647 tlte
943 1609 1054 1660 spz‘es.

142 1693 488 1734 284.—Vicissim
506 1693 830 1744 interrogantibus
849 1707 978 1744 regem
996 1695 1297 1746 Ichthyophagis
1317 1696 1364 1734 de
1383 1698 1484 1735 vitae

91 1762 213 1813 spatio
243 1767 282 1800 et
315 1761 484 1799 ciborum
513 1775 672 1812 genere:
713 1766 722 1783 ‘
738 1762 785 1800 ad
820 1768 973 1800 centum
1005 1768 1043 1801 et
1074 1764 1212 1815 viginti
1244 1765 1386 1812 annos,'
1418 1766 1481 1813 ait,

93 1829 310 1881 ‘pervenire
339 1842 469 1867 eorum
495 1829 695 1880 plerosque
707 1845 718 1878 3
756 1831 882 1868 cibum
908 1845 999 1869 vero
1027 1845 1107 1870 esse
1135 1846 1287 1871 carnem
1315 1838 1459 1872 coctam
1474 1850 1485 1882 3

90 1902 223 1948 potum
241 1897 322 1936 lac)
369 1897 569 1947 Quumque
588 1898 818 1936 mirarentur
837 1899 1091 1948 speculatores
1110 1900 1213 1950 quod
1232 1900 1280 1938 de
1299 1914 1485 1939 annorum

91 1978 247 2003 numero
267 1964 438 2011 dixisset,
460 1965 507 2002 ad
527 1965 686 2003 fluvium
715 1966 762 2003 ab
792 1965 857 2003 illo
888 1966 1022 2004 ductos
1050 1980 1089 2005 se
1117 1981 1197 2006 esse
1216 1968 1444 2016 referebant,
1465 1983 1484 2007 e

91 2045 166 2082 quo
193 2032 272 2070 lota
298 2032 407 2082 pellis
436 2032 635 2083 splendida
662 2033 763 2071 facta
789 2033 935 2081 fuisset,
957 2035 1064 2084 quasi
1097 2035 1169 2073 olei
1196 2036 1333 2074 fluvius
1361 2042 1459 2074 esset
1474 2052 1484 2085 ;

92 2099 247 2138 odorem
274 2105 402 2138 autem
430 2101 695 2139 suavissimum
722 2101 864 2151 spirare
892 2102 998 2140 illam
1025 2116 1188 2153 aquam;
1216 2108 1254 2141 et
1273 2104 1339 2142 diu
1358 2105 1485 2143 vivere

91 2168 301 2218 Aethiopas
316 2169 418 2218 quod
437 2169 507 2206 hac
522 2182 620 2219 aqua
638 2174 845 2209 uterentur.
894 2171 930 2208 A
949 2171 1066 2209 fluvio
1086 2172 1334 2220 discedentes,
1352 2173 1485 2212 ductos

92 2249 131 2274 se
149 2235 265 2274 fuisse
291 2237 500 2275 narrabant
526 2237 566 2274 in
593 2237 718 2276 locum
746 2252 821 2288 quo
844 2238 964 2277 vincti
990 2239 1164 2278 homines
1192 2240 1484 2289 custodirentur,

93 2304 220 2354 ibique
238 2309 392 2343 cunctos
411 2305 533 2343 aureis
548 2305 695 2344 vinctos
715 2306 959 2357 compedibus
978 2307 1127 2347 vidisse.
1175 2308 1246 2347 Est
1264 2309 1364 2346 enim
1384 2310 1484 2361 apud

94 2373 161 2411 hos
179 2373 388 2424 Aethiopas
408 2387 469 2412 aes
488 2375 729 2413 metallorum
747 2376 1071 2426 pretiosissimum.
