1591 2492
614 478 775 514 PART
795 478 869 513 JV

234 626 498 665 I.—SOME
534 626 903 664 BARBAROUS
943 625 1244 665 CUSTOMS.

82 723 553 763 136.—CERT10Rfactus
565 738 650 763 sum
662 738 742 763 esse
754 725 794 762 in
807 725 901 762 Asia
912 729 1057 775 gentes,
1067 737 1164 774 quae
1176 723 1319 762 talibus
1331 723 1438 762 insti-

38 791 130 828 tutis
148 796 317 831 utantur.
376 793 497 840 Quem
516 793 683 843 primum
697 806 746 830 ex
760 792 935 831 hostibus
951 792 1091 831 occidit
1105 792 1175 839 vir,
1189 792 1269 830 eius
1289 791 1439 842 sangui-

36 872 123 897 nem
137 865 256 909 potat.
305 861 502 911 Quotquot
516 862 556 899 in
570 861 716 912 proelio
731 861 937 908 interfecit,
953 861 1091 899 horum
1106 860 1231 910 capita
1245 859 1294 898 ad
1310 872 1438 911 regem

36 929 179 978 perfert
196 945 203 968 :
241 929 356 968 allato
384 930 485 968 enim
514 931 650 981 capite,
679 932 723 968 fit
754 930 918 981 praedae
946 930 1137 981 particeps
1155 945 1163 968 :
1201 942 1279 968 non
1308 929 1438 976 allato,

35 1002 183 1046 partem
202 998 347 1036 nullam
366 1000 474 1048 capit.
494 999 640 1037 Dicunt
658 1004 788 1037 autem
803 1004 917 1049 caput
935 999 1036 1048 pelle
1055 998 1196 1036 nudari
1215 998 1286 1036 hoc
1300 997 1438 1036 modo:

35 1071 161 1103 cutem
179 1066 220 1104 in
239 1067 370 1105 orbem
385 1067 651 1106 circumcidere
671 1068 796 1106 solent
815 1068 912 1106 circa
930 1080 1040 1106 aures
1058 1083 1066 1106 z
1095 1067 1185 1105 dein
1198 1072 1377 1106 excutere
1390 1067 1438 1106 de

35 1135 157 1184 capite
173 1150 180 1173 ε
208 1140 302 1182 tum,
318 1140 523 1186 postquam
538 1149 690 1174 carnem
704 1136 959 1183 deterserunt,
973 1136 1149 1187 subigere
1165 1136 1306 1186 pellem
1321 1136 1437 1174 mani-

35 1203 129 1242 bus:
157 1207 272 1254 atque
291 1204 345 1242 ita
363 1205 512 1243 mollita
530 1205 588 1242 uti
607 1209 792 1255 tanquam
810 1204 973 1252 mantili,
997 1209 1036 1242 et
1055 1218 1104 1242 ex
1123 1204 1232 1243 freno
1251 1205 1352 1254 equi,
1372 1205 1436 1243 ubi

35 1277 235 1319 venantur,
250 1273 491 1322 suspendere.
531 1273 632 1310 Nam
645 1273 710 1323 qui
721 1273 887 1323 plurima
901 1272 1078 1310 mantilia
1090 1286 1138 1310 ex
1150 1273 1319 1311 hostium
1332 1273 1436 1323 pelli-

36 1340 106 1377 bus
120 1340 246 1386 habet,
261 1341 293 1378 is
305 1341 535 1379 fortissimus
548 1347 733 1380 censetur.
774 1341 946 1379 Narrant
958 1342 1076 1379 etiam
1090 1341 1231 1379 multos
1244 1342 1437 1380 excoriare

36 1412 138 1445 totos
156 1408 342 1456 homines,
363 1414 402 1447 et
421 1423 533 1459 super
552 1410 656 1460 ligno
675 1414 853 1448 extentos
873 1410 979 1460 equis
1000 1409 1290 1449 circumducere.

338 1559 564 1601 Camn'bals
584 1560 673 1599 and
689 1561 803 1600 otlcer
821 1560 984 1600 carious
996 1561 1142 1612 people.

92 1662 414 1702 137.—Narrant
440 1667 569 1700 autem
596 1663 763 1701 habitari
795 1668 945 1702 montes
977 1664 1018 1701 in
1051 1664 1231 1714 Scythica
1258 1669 1360 1703 terra
1388 1666 1435 1704 ab

37 1730 255 1768 hominibus
288 1730 575 1780 capripedibus:
613 1736 697 1768 tum
729 1731 831 1769 ultra
859 1732 929 1769 hos
957 1732 1086 1769 vivere
1119 1732 1212 1770 alios
1244 1732 1432 1779 homines,

37 1799 103 1850 qui
139 1813 207 1850 per
243 1812 309 1837 sex
354 1812 502 1837 menses
539 1799 742 1838 dormiant.
810 1800 1013 1838 Issedonas
1050 1805 1179 1838 autem
1215 1801 1434 1839 huiusmodi

36 1869 94 1906 uti
118 1868 307 1906 institutis
335 1873 501 1906 narrant.
560 1868 720 1916 Quando
740 1868 905 1918 cuipiam
933 1874 1042 1919 pater
1069 1874 1243 1907 mortuus
1263 1875 1332 1917 est,
1352 1883 1434 1920 pro-

36 1936 170 1986 pinqui
189 1935 315 1974 cuncti
342 1936 576 1974 adducentes
603 1936 766 1986 pecudes
794 1937 843 1974 ad
871 1950 958 1975 eum
986 1937 1229 1976 conveniunt.
1288 1938 1433 1985 Quibus

35 2004 212 2042 mactatis
231 2009 270 2042 et
287 2004 328 2042 in
347 2004 471 2042 frusta
499 2005 668 2052 concisis,
689 2010 884 2043 mortuum
904 2006 1021 2044 etiam
1039 2010 1189 2056 patrem
1207 2006 1373 2044 hominis
1393 2008 1430 2045 in

36 2073 157 2110 frusta
189 2072 404 2119 concidunt,
438 2073 645 2122 mixtisque
678 2074 823 2111 cunctis
861 2074 1036 2112 carnibus
1069 2074 1198 2125 epulas
1235 2074 1429 2113 exhibent.

36 2141 180 2179 Dicunt
212 2141 328 2179 etiam
356 2146 470 2191 caput
497 2141 708 2191 depilatum
736 2148 1065 2192 expurgatumque
1097 2144 1284 2190 inaurare,
1313 2157 1431 2193 eoque

35 2223 103 2259 pro
131 2222 235 2248 sacro
254 2223 343 2248 vase
370 2210 440 2257 uti,
461 2223 579 2260 quum
605 2223 744 2261 magna
771 2211 954 2249 sacrificia
980 2216 1175 2262 peragant.
1232 2212 1432 2251 Issedones

37 2282 164 2316 autem
181 2283 342 2316 narrant
360 2292 441 2316 esse
460 2279 633 2317 homines
660 2279 854 2326 unoculos,
875 2284 914 2317 et
931 2280 1109 2330 gryphas,
1131 2280 1196 2330 qui
1225 2280 1306 2319 auri
1334 2281 1431 2319 thes-

36 2359 147 2384 auros
166 2346 384 2384 custodiant
401 2346 442 2383 in
460 2346 664 2384 montibus.
