1591 2492
46 103 150 128 PART
170 89 238 141 1v.]
307 92 423 127 THE
452 89 631 126 THIRD
662 88 921 125 INVASION
952 87 1020 124 OF
1049 85 1277 122 GREECE.
1389 94 1432 129 77

46 202 157 248 hunc,
177 216 199 240 a
216 206 336 239 matre
355 200 464 238 alteri
483 199 704 249 praelatum,
724 203 816 236 natu
836 212 914 236 esse
934 198 1124 235 maiorem.
1168 197 1218 233 Et
1237 196 1305 233 hos
1324 196 1431 244 ipsos

46 268 180 306 fratres
198 281 265 318 per
283 280 393 304 omne
412 267 513 304 vitae
532 271 681 314 tempus
696 265 887 303 discordes
905 265 1006 302 inter
1024 277 1062 301 se
1081 263 1195 300 fuisse
1215 267 1381 299 narrant.

123 447 411 507 §DL—THE
440 468 643 505 THIRD
676 467 972 505 INVASION
1004 467 1082 504 OF
1113 465 1371 503 GREECE.

230 601 312 640 Tlce
329 602 491 652 cutting
507 602 558 651 of
573 601 637 639 (lle
655 602 779 639 canal
793 615 928 639 across
951 602 1009 640 M
1005 608 1104 639 ozmt
1122 602 1160 640 Α
1170 601 1267 640 tllos.

99 687 402 726 219.—Xerxes
421 686 558 723 iterum
576 686 616 722 in
644 686 840 723 Graeciam
860 686 1141 735 expeditionem
1160 687 1280 724 facere
1301 687 1434 724 consti-

49 753 132 791 tuit.
188 753 322 802 Itaque
349 766 485 803 magno
511 753 679 790 exercitu
707 753 746 789 in
774 753 867 790 Asia
894 753 1116 802 conscripto,
1137 754 1185 791 ad
1213 753 1435 802 Hellespon-

48 823 130 856 tum
165 820 342 857 manebat
382 819 500 857 donec
530 819 656 856 omnia
683 824 815 868 parata
843 824 968 856 essent
996 825 1040 856 ut
1068 820 1108 856 in
1136 820 1332 857 Graeciam
1363 820 1436 857 iter

47 884 166 922 facere
185 886 265 923 sine
284 886 447 934 periculo
474 892 609 935 posset.
665 887 721 922 Ac
741 887 903 934 primum
932 885 1095 934 quidem,
1116 887 1294 935 quoniam
1312 887 1350 933 ii,
1371 887 1436 936 qui

48 952 143 990 cirea
178 953 310 990 Athon
348 957 437 990 sunt
477 953 725 999 circumvecti,
765 953 1018 991 calamitatem
1056 967 1165 1003 saepe
1202 959 1434 1003 acceperant,

46 1020 185 1057 fossam
203 1020 284 1057 fieri
301 1020 410 1057 iussit
428 1024 532 1057 trans
557 1020 751 1066 isthmum,
771 1020 836 1069 qui
854 1020 902 1058 ad
921 1020 1039 1058 imum
1065 1025 1235 1058 montem
1253 1021 1348 1058 situs
1366 1026 1433 1059 est.

47 1087 210 1125 Videtur
246 1092 372 1125 autem
408 1087 502 1124 mihi
539 1088 839 1137 magnificentiae
880 1101 1009 1126 caussa
1044 1088 1123 1126 fodi
1160 1089 1257 1126 hanc
1296 1089 1436 1126 fossam

47 1156 197 1193 iussisse
216 1156 374 1202 Xerxes,
395 1156 547 1205 cupiens
575 1160 613 1193 et
640 1160 867 1205 potestatem
895 1169 1001 1194 suam
1028 1161 1229 1203 ostentare,
1250 1161 1288 1194 et
1307 1170 1436 1194 monu-

47 1228 218 1260 mentum
237 1224 448 1273 relinquere
468 1224 534 1262 sui.

203 1375 240 1413 T
238 1375 286 1413 lte
303 1374 430 1413 cablcs
441 1375 521 1425 far
540 1375 604 1413 tlze
624 1375 776 1425 bridge,
797 1376 886 1413 and
903 1376 968 1414 the
985 1375 1296 1415 commissariat.

86 1461 354 1501 220.—Haec
366 1461 458 1497 dum
470 1461 523 1497 ita
535 1460 707 1498 facienda
719 1465 836 1506 curat,
851 1461 961 1497 simul
974 1461 1089 1498 etiam
1101 1461 1226 1510 parari
1238 1461 1346 1498 funes
1358 1461 1437 1498 iun-

50 1528 182 1578 gendis
194 1529 233 1565 in
253 1528 503 1577 Hellesponto
518 1528 698 1577 pontibus
711 1528 831 1574 iussit,
847 1528 987 1577 partim
1003 1541 1050 1565 ex
1064 1541 1220 1577 papyro,
1235 1529 1375 1577 partim
1390 1541 1437 1565 ex

50 1596 144 1633 lino:
166 1609 280 1645 quam
294 1609 421 1633 curam
436 1596 689 1633 Phoenicibus
705 1600 743 1633 et
757 1595 959 1645 Aegyptiis
976 1595 1182 1634 mandavit.
1226 1595 1375 1633 Deinde
1389 1609 1437 1632 ne

51 1664 149 1701 fame
184 1663 325 1713 periret
360 1668 426 1700 aut
462 1664 648 1701 exercitus
671 1668 736 1700 aut
764 1664 933 1701 iumenta
960 1664 999 1700 in
1028 1663 1225 1701 Graeciam
1252 1663 1435 1709 ducenda,

52 1730 279 1779 comportari
317 1736 547 1767 commeatus
584 1731 694 1768 iussit
705 1745 716 1777 3
753 1735 791 1767 et
818 1731 963 1780 optima
990 1731 1201 1768 sciscitatus
1228 1731 1319 1778 loca,
1358 1732 1432 1769 ubi·

52 1811 197 1847 cunque
224 1798 348 1835 locum
375 1798 539 1835 maxime
567 1797 746 1835 idoneum
770 1798 922 1847 reperit,
951 1798 1005 1835 ibi
1032 1799 1141 1835 iussit
1168 1798 1318 1848 deponi,
1348 1798 1438 1836 dato

51 1865 231 1903 mandato
246 1870 290 1902 ut
304 1865 471 1914 undique
487 1879 535 1902 ex
553 1865 646 1903 Asia
660 1866 840 1903 onerariis
852 1866 1013 1903 navibus
1029 1866 1092 1903 alii
1107 1866 1180 1904 alio
1195 1866 1435 1904 deveherent.

373 2017 455 2056 lee
475 2017 637 2069 brz'dges
656 2018 867 2068 destroyed
883 2018 931 2068 by
950 2032 976 2057 a
995 2024 1133 2057 storm.

105 2103 423 2141 221.—Interim
435 2103 462 2140 ii
477 2103 613 2152 quibus
628 2104 823 2152 negotium
838 2103 970 2141 datum
985 2109 1067 2141 erat
1085 2110 1128 2140 ut
1148 2103 1441 2154 Hellespontum

54 2175 170 2220 ponte
184 2171 384 2220 iungerent
399 2184 446 2208 ex
460 2171 554 2208 Asia
572 2171 611 2207 in
627 2171 818 2220 Europam
835 2171 1062 2220 pertinente,
1079 2171 1317 2209 confecerant
1335 2184 1438 2221 opus,

56 2238 160 2275 Duos
188 2243 315 2275 autem
341 2244 476 2288 pontes
504 2243 747 2285 struxerunt,
781 2239 941 2276 alterum
969 2239 1188 2285 Phoenices,
1216 2239 1441 2277 rudentibus

55 2318 103 2342 ex
135 2305 214 2342 lino
248 2305 449 2352 confectis3
482 2306 644 2343 alterum
671 2306 865 2356 Aegyptii,
895 2319 943 2343 ex
969 2319 1124 2356 papyro.
1181 2307 1280 2344 Sunt
1315 2312 1441 2344 autem

55 2377 200 2421 septem
219 2372 343 2409 stadia
360 2386 408 2409 ex
427 2373 567 2421 Abydo
587 2373 635 2409 ad
663 2386 768 2410 oram
795 2374 1019 2422 oppositam.
1074 2374 1130 2410 At
1155 2374 1294 2411 iunctis
1321 2375 1442 2423 ponti-
