1591 2492
63 91 166 117 PART
186 78 254 131 1v.]
373 80 489 116 THE
518 79 805 117 CAMPAIGN
835 78 892 115 IN
924 78 1143 116 CYPRUS.
1406 77 1449 112 61

63 195 186 233 fuerat
204 194 434 233 defectionis.
481 194 558 232 Diu
576 194 799 231 restiterunt
817 193 916 240 socii,
938 192 1004 230 sed
1023 206 1045 230 a
1063 192 1188 229 Persis
1209 191 1453 229 circumventi

62 262 218 301 tandem
236 262 309 300 fusi
331 262 525 313 fugatique
554 267 651 300 sunt.
708 261 850 311 Magna
876 260 1025 310 pracda,
1051 273 1188 311 magno
1216 259 1451 309 captivorum

61 343 217 368 numero
235 330 348 381 potiti
367 334 455 368 sunt
474 331 620 369 Persae.

519 503 556 541 Α
582 508 751 554 strange
759 509 933 553 portent.

115 587 413 627 178.—Onesili
432 592 543 636 caput
562 587 790 634 Amathusii,
809 600 901 636 quos
920 587 1000 637 ipse
1020 584 1228 632 obsederat,
1246 584 1451 623 abscissum

60 656 300 694 Amathunta
336 660 547 706 portarunt,
581 660 619 692 et
655 669 767 705 super
804 655 936 705 oppidi
975 660 1125 705 portam
1163 654 1449 704 suspenderunt.

58 719 242 766 Narrant,
276 724 478 768 postquam
506 732 641 756 cavum
670 723 783 769 caput
818 720 873 757 ita
910 733 1135 769 suspensum
1166 721 1295 769 fuerit,
1324 723 1453 772 apium

60 800 231 833 examen,
261 787 301 824 in
328 786 423 824 illud
457 799 536 824 sese
564 786 770 831 insinuans,
799 787 896 825 favis
923 788 1138 838 replevisse.
1195 789 1307 837 Quod
1335 804 1452 841 quum

60 857 266 904 accidisset,
288 856 481 894 oraculum
510 856 795 895 consulentibus
822 857 1074 905 Amathusiis,
1105 858 1221 908 ‘quid
1239 859 1452 898 facerent‘l'

61 926 175 963 datur
188 938 424 975 responsum,
443 925 659 963 ‘auferrent
674 930 787 976 caput
801 925 1079 976 humarentque
1093 941 1103 974 3
1123 926 1277 966 Onesilo
1293 942 1394 975 vero,
1410 934 1453 967 ut

59 994 179 1040 heroi,
208 1007 334 1032 annua
362 1007 467 1032 sacra
493 994 669 1032 facerent.
727 994 774 1031 Id
807 995 838 1032 si
865 995 1054 1042 fecissent,
1084 996 1219 1034 melius
1247 1010 1333 1034 cum
1360 998 1452 1047 ipsis

329 1062 413 1100 Hoc
431 1062 603 1100 fecerunt
622 1062 839 1100 Amathusii
859 1063 907 1101 ad
925 1076 1050 1100 meam
1068 1076 1188 1114 usque
1207 1069 1383 1104 aetatem.

267 1062 275 1077 5

59 1067 186 1100 actum
204 1062 260 1101 iri.

420 1234 458 1272 T
455 1233 504 1272 lae
524 1241 613 1272 truc
632 1234 783 1273 author
802 1235 854 1284 of
868 1235 932 1273 tlte
951 1235 1087 1275 revolt.

112 1320 512 1370 179.—Aristagoras‚
530 1321 622 1358 (lum
637 1321 819 1371 oppidum
831 1321 1023 1371 quoddam
1039 1322 1196 1370 obsidet,
1213 1323 1446 1361 interficitur.

58 1387 250 1426 Histiaeus
285 1401 375 1426 vero
402 1388 529 1426 Mileti
557 1394 752 1437 tyrannus,
783 1389 848 1438 qui
884 1389 1081 1427 seditionis
1109 1396 1239 1428 auctor
1266 1391 1400 1439 fuerat,
1430 1404 1452 1429 a

56 1454 173 1492 Dario
192 1455 368 1493 dimissus
397 1456 513 1503 Susis,
543 1456 681 1494 Sardes
708 1457 899 1506 profectus
932 1462 1022 1495 erat.
1079 1457 1162 1505 Quo
1189 1459 1256 1496 ubi
1283 1459 1449 1507 advenit,

56 1522 304 1573 interrogavit
331 1536 417 1561 eum
436 1524 706 1574 Artaphernes,
737 1524 914 1563 Sardium
933 1539 1093 1574 praeses,
1126 1530 1134 1546 ‘
1149 1539 1313 1576 quanam
1331 1540 1372 1565 re
1398 1528 1452 1564 in-

55 1590 188 1628 ductos
215 1590 327 1628 Ionas
355 1605 377 1629 a
403 1605 490 1642 rege
526 1592 723 1630 defecissse
754 1593 929 1642 putaret.'
982 1594 1030 1631 Id
1058 1607 1175 1644 quum
1204 1608 1243 1632 se
1279 1595 1452 1645 ignorare

55 1657 205 1704 diceret,
226 1659 379 1695 mentiri
399 1672 484 1696 eum
504 1658 636 1696 videns
655 1659 916 1708 Artaphernes
944 1660 998 1697 ait
1015 1676 1022 1698 :
1053 1663 1062 1680 ‘
1077 1661 1138 1699 Ita
1164 1662 1246 1709 tibi,
1268 1662 1448 1712 Histiaee,

54 1724 144 1762 haec
175 1737 234 1762 res
266 1738 304 1762 se
341 1725 482 1763 habet:
518 1726 683 1763 calceum
718 1726 819 1764 hunc
854 1731 898 1764 tu
936 1728 1138 1775 confecisti,
1177 1742 1290 1778 quem
1325 1731 1452 1769 induit

53 1792 315 1842 Aristagoras!
376 1793 460 1831 Hoc
479 1807 595 1843 quum
623 1794 783 1832 dixisset
801 1795 1072 1845 Artaphernes,
1093 1796 1236 1834 veritus
1256 1797 1450 1837 Histiaeus

53 1872 100 1897 ne
127 1860 409 1908 interficeretur,
430 1861 470 1898 in
497 1861 626 1911 fugam
653 1875 691 1899 se
718 1862 861 1912 recipit.
918 1862 1017 1900 Tum
1043 1863 1222 1902 Miletum
1249 1865 1340 1904 adit.
1395 1866 1449 1904 At

53 1927 203 1975 Milesii,
220 1928 395 1966 lubenter
406 1929 628 1979 Aristagora
639 1930 799 1978 liberati,
814 1944 900 1968 eum
914 1932 1078 1981 recipcre
1093 1933 1283 1972 nolebant.
1314 1934 1448 1984 Itaque

54 2007 170 2044 quum
188 1999 302 2033 noctu
320 2009 387 2046 per
405 1997 484 2034 vim
509 1997 651 2035 intrare
670 1997 848 2035 Miletum
876 2004 1031 2037 conatus
1051 2005 1158 2047 esset,
1179 2001 1351 2050 repulsus
1379 2007 1445 2049 est,

54 2066 166 2111 atque
185 2063 299 2100 etiam
319 2064 366 2101 ab
386 2064 511 2113 aliquo
532 2077 580 2102 ex
597 2065 756 2102 Milesiis
775 2065 815 2102 in
833 2065 975 2103 femore
993 2066 1215 2105 vulneratus
1230 2073 1296 2107 est.
1352 2070 1447 2107 Inde

53 2129 280 2178 Byzantium
307 2131 514 2181 navigavit,
552 2132 679 2181 ibique
716 2145 845 2170 omnes
881 2146 1006 2181 naves,
1047 2147 1142 2183 quae
1178 2137 1445 2185 praeteribant,

53 2197 235 2247 capiebat,
264 2199 436 2248 exceptis
462 2212 592 2237 eorum
619 2200 780 2250 navigiis
812 2201 877 2250 qui
904 2215 942 2239 se
978 2207 1130 2252 paratos
1158 2217 1237 2242 esse
1274 2205 1446 2243 Histiaeo

53 2277 184 2313 parere
202 2266 479 2314 profiterentur.
534 2267 631 2305 Mox
653 2272 783 2318 captus
802 2273 859 2306 est
886 2269 933 2307 ab
952 2270 1203 2320 Artapherne,
1224 2272 1290 2322 qui
1313 2286 1446 2323 corpus

53 2333 250 2383 suspendit
277 2348 297 2372 e
325 2348 442 2381 cruce,
464 2340 576 2386 caput
603 2341 731 2375 autem
759 2337 834 2375 sale
862 2338 1067 2386 conditum,
1089 2339 1184 2378 Susa
1211 2340 1258 2379 ad
1287 2341 1445 2380 Darium
