1591 2492
107 68 153 101 14
489 57 622 94 EASY
652 56 817 92 LATIN
849 55 1086 92 STORIES.
1321 52 1442 103 [PART
1462 65 1486 91 1.

669 248 923 288 Philoctetes.

157 337 422 378 51.—Poetae
459 336 582 373 multa
624 335 671 372 de
708 334 922 372 Philoctete
961 338 1128 373 narrant.
1202 333 1354 371 Dicitur
1389 334 1488 371 Her-

107 406 198 443 culis
245 404 408 454 armiger
453 403 581 449 fuisse,
621 407 660 440 et
706 403 753 440 ab
790 415 834 440 eo
872 402 1040 451 sagittas,
1080 407 1270 439 venenato
1309 401 1491 451 sanguine

105 473 261 523 Hydrae
280 472 432 518 tinctaS,
455 470 650 520 accepisse.
708 469 781 507 Pes
809 474 937 506 autem
966 469 1046 507 eius
1074 473 1140 506 aut
1166 469 1307 519 sagitta
1334 469 1491 507 cadente

106 547 172 579 aut
189 540 375 590 serpentis
394 539 509 577 dente
528 538 751 575 vulneratus
771 542 838 575 est.
895 537 954 574 Ex
974 537 1045 574 1100
1064 537 1220 574 vulnere
1240 537 1334 575 odor
1352 538 1492 587 gravis-

106 610 221 646 simus
240 613 347 646 ortus
367 613 433 653 est,
456 607 584 656 itaque
605 605 740 643 Graeci
769 618 855 643 eum
875 618 896 642 a
915 617 953 642 se
983 604 1222 653 expulerunt,
1246 609 1285 642 et
1306 617 1342 641 111
1369 605 1492 642 insula

106 677 249 714 Lemno
278 675 524 724 reliquerunt.
583 673 657 711 Hic
689 673 756 711 diu
785 673 886 710 solus
919 672 958 709 in
987 677 1097 709 antro
1134 671 1299 710 vivebat.
1356 672 1490 710 Graeci

106 749 234 782 autem
263 744 343 781 sine
371 743 521 793 sagittis
550 742 653 780 illius
680 742 834 780 Troiam
863 754 994 791 capere
1014 754 1090 778 non
1119 745 1337 790 potuerunt.
1393 741 1490 778 Tum

107 825 196 850 vero
225 812 383 861 Ulysses
411 816 450 849 et
477 811 682 849 Diomedes
715 810 903 848 Lemnum
931 810 1046 856 missi,
1076 809 1328 846 Philoctetem
1366 822 1491 847 secum

106 880 259 918 Troiam
297 880 432 917 ducere
471 879 597 917 conati
638 882 736 916 sunt.
804 878 883 915 Diu
920 877 1085 915 restitit:
1124 876 1280 914 tandem
1317 877 1491 927 precibus

108 949 239 995 victus,
261 948 414 985 Troiam
434 947 539 985 abiit.
598 946 713 984 Haud
733 946 854 983 multo
874 950 960 995 post
978 945 1101 991 Troia,
1122 958 1190 994 per
1216 945 1345 982 decem
1373 957 1490 982 annos

107 1017 250 1054 frustra
268 1020 497 1064 oppugnata,
520 1015 745 1063 sagittarum
764 1026 834 1062 ope
854 1017 963 1062 capta
982 1017 1047 1051 est.

651 1168 733 1206 lee
753 1167 834 1206 best
852 1182 976 1207 sance.

168 1254 506 1304 52.--Dionysius
525 1258 722 1304 tyrannus,
744 1255 916 1304 epulatus
937 1255 1037 1305 apud
1058 1255 1377 1293 Lacedaemonios
1397 1256 1508 1303 dixit,

119 1323 332 1373 ‘Equidem
351 1324 432 1360 iure
459 1323 530 1360 hoc
558 1323 666 1373 nigro
685 1323 842 1360 minime
862 1323 1050 1362 delector?
1105 1324 1205 1361 Nam
1234 1324 1333 1373 apud
1362 1337 1509 1361 mensas

116 1392 287 1441 publicas
325 1392 483 1441 Spartae
515 1392 574 1429 ius
614 1391 776 1441 nigrum,
815 1405 963 1440 panem,
1001 1392 1145 1429 fructus
1187 1392 1412 1439 comedunt3
1454 1392 1510 1430 lac

117 1465 155 1498 et
174 1473 272 1509 aqua
290 1460 445 1497 bibitur.
502 1460 602 1496 Tum
630 1473 771 1509 coquus
798 1460 1018 1509 respondit:
1049 1461 1235 1498 ‘Minime
1264 1461 1401 1498 mirum
1430 1465 1509 1500 est:

117 1529 360 1567 condimenta
378 1528 480 1565 enim
500 1528 648 1565 desunt.
707 1527 811 1565 Haec
830 1534 958 1565 autem
978 1528 1221 1566 condimenta
1241 1535 1330 1566 sunt
1349 1529 1506 1578 labores,

118 1610 257 1643 cursus,
278 1597 407 1643 fames,
429 1596 521 1634 sitis.
579 1595 669 1633 Sine
688 1595 747 1632 his
766 1609 877 1633 nemo
897 1596 968 1634 1100
987 1597 1067 1634 iure
1087 1597 1267 1635 delectari
1288 1597 1436 1646 potest!

683 1749 720 1787 A
748 1749 861 1788 noble
869 1750 952 1800 soe.

168 1842 570 1883 53.—Themistocles
590 1843 690 1888 olim,
712 1856 840 1891 pugna
858 1843 984 1880 navali
1007 1843 1166 1881 devictis
1189 1843 1325 1890 Persis,
1345 1843 1508 1881 Athenis

117 1912 218 1961 apud
251 1912 469 1949 concionem
502 1911 626 1948 dixit:
657 1910 892 1948 ‘Consilium
925 1911 964 1948 in
996 1912 1122 1949 animo
1154 1912 1299 1950 habeo:
1326 1912 1397 1949 hoc
1416 1912 1509 1949 utile

118 1980 345 2029 reipublicae
376 1980 458 2025 erit,
480 1979 593 2016 celari
626 1983 754 2016 tamen
787 1984 949 2028 oportet.
1005 1980 1086 2017 Uni
1117 1994 1136 2017 e
1169 1980 1397 2029 primoribus
1430 1993 1509 2017 rem

117 2047 240 2085 dicere
259 2047 370 2085 volo!
423 2047 614 2084 Aristides
633 2046 681 2083 ad
701 2047 771 2084 1100
798 2060 936 2084 munus
964 2047 1130 2085 delectus
1159 2052 1225 2086 est.
1282 2048 1382 2085 Huic
1410 2048 1509 2085 dixit

117 2115 389 2153 Themistocles
405 2131 412 2153 :
442 2119 450 2135 ‘
464 2114 849 2152 Lacedaemoniorum
879 2115 1005 2153 classis
1024 2115 1064 2152 in
1083 2116 1228 2153 ancoris
1247 2116 1286 2152 in
1305 2120 1419 2165 portu
1438 2121 1505 2154 est.

119 2183 229 2221 Hanc
261 2183 357 2221 clam
392 2183 593 2220 incendere
621 2183 839 2232 poterimus.
896 2184 958 2221 Ita
988 2184 1140 2221 illorum
1167 2188 1335 2233 potestas
1362 2183 1508 2221 navalis

117 2250 329 2289 delebitur.’
383 2251 455 2288 His
474 2251 625 2297 auditis,
647 2250 694 2288 ad
715 2251 913 2288 concilium
932 2251 1122 2289 Aristides
1140 2264 1312 2289 reversus
1339 2252 1380 2288 in
1407 2251 1507 2288 hunc

121 2319 273 2356 modum
306 2319 452 2356 locutus
485 2323 565 2357 est:
585 2318 869 2356 ‘Themistoclis
907 2320 1104 2357 consilium
1131 2332 1254 2368 ‘quum
1285 2319 1390 2366 utile,
1424 2324 1506 2356 tum
