<?xml version="1.0" encoding="UTF-8"?>
<!DOCTYPE html PUBLIC "-//W3C//DTD XHTML 1.0 Transitional//EN"
    "http://www.w3.org/TR/xhtml1/DTD/xhtml1-transitional.dtd">
<html xmlns="http://www.w3.org/1999/xhtml" xml:lang="en" lang="en">
 <head>
  <title>
</title>
<meta http-equiv="Content-Type" content="text/html;charset=utf-8" />
  <meta name='ocr-system' content='tesseract 3.04.00' />
  <meta name='ocr-capabilities' content='ocr_page ocr_carea ocr_par ocr_line ocrx_word'/>
</head>
<body>
  <div class='ocr_page' id='page_1' title='image "./easylatinstories00benn_0109.png"; bbox 0 0 1591 2492; ppageno 0'>
   <div class='ocr_carea' id='block_1_1' title="bbox 43 80 1430 146">
    <p class='ocr_par' dir='ltr' id='par_1_1' title="bbox 43 80 1430 146">
     <span class='ocr_line' id='line_1_1' title="bbox 43 80 1430 146; baseline 0.001 -28"><span class='ocrx_word' id='word_1_1' title='bbox 43 93 145 118; x_wconf 84' lang='lat' dir='ltr'>PART</span> <span class='ocrx_word' id='word_1_2' title='bbox 165 80 232 131; x_wconf 91' lang='lat' dir='ltr'>1v.]</span> <span class='ocrx_word' id='word_1_3' title='bbox 569 81 899 118; x_wconf 87' lang='lat' dir='ltr'>ANECDOTES.</span> <span class='ocrx_word' id='word_1_4' title='bbox 1219 143 1223 146; x_wconf 17' lang='grc' dir='ltr'>ὓ</span> <span class='ocrx_word' id='word_1_5' title='bbox 1383 90 1430 128; x_wconf 90' lang='lat'>97</span> 
     </span>
    </p>
   </div>
   <div class='ocr_carea' id='block_1_2' title="bbox 1244 155 1427 160">
    <p class='ocr_par' dir='ltr' id='par_1_2' title="bbox 1244 155 1427 160">
     <span class='ocr_line' id='line_1_2' title="bbox 1244 155 1427 160; baseline 0 0"><span class='ocrx_word' id='word_1_6' title='bbox 1244 155 1427 160; x_wconf 95' lang='lat' dir='ltr'> </span> 
     </span>
    </p>
   </div>
   <div class='ocr_carea' id='block_1_3' title="bbox 41 194 1436 584">
    <p class='ocr_par' dir='ltr' id='par_1_3' title="bbox 41 194 1436 584">
     <span class='ocr_line' id='line_1_3' title="bbox 43 194 1429 245; baseline -0.001 -11"><span class='ocrx_word' id='word_1_7' title='bbox 43 197 173 234; x_wconf 90' lang='lat' dir='ltr'>venire</span> <span class='ocrx_word' id='word_1_8' title='bbox 202 196 370 233; x_wconf 88' lang='lat' dir='ltr'>latrones</span> <span class='ocrx_word' id='word_1_9' title='bbox 399 195 589 245; x_wconf 89' lang='lat' dir='ltr'>punitum,</span> <span class='ocrx_word' id='word_1_10' title='bbox 622 209 661 232; x_wconf 88' lang='lat' dir='ltr'>es</span> <span class='ocrx_word' id='word_1_11' title='bbox 694 196 774 244; x_wconf 85' lang='lat' dir='ltr'>ipse</span> <span class='ocrx_word' id='word_1_12' title='bbox 808 195 978 232; x_wconf 91' lang='lat' dir='ltr'>omnium</span> <span class='ocrx_word' id='word_1_13' title='bbox 1010 194 1203 232; x_wconf 87' lang='lat' dir='ltr'>latronum</span> <span class='ocrx_word' id='word_1_14' title='bbox 1234 195 1429 245; x_wconf 87' lang='lat' dir='ltr'>pessimus.</span> 
     </span>
     <span class='ocr_line' id='line_1_4' title="bbox 43 262 1432 313; baseline 0 -11"><span class='ocrx_word' id='word_1_15' title='bbox 43 264 143 311; x_wconf 80' lang='lat' dir='ltr'>Quid</span> <span class='ocrx_word' id='word_1_16' title='bbox 171 277 265 313; x_wconf 90' lang='lat' dir='ltr'>opus</span> <span class='ocrx_word' id='word_1_17' title='bbox 292 263 364 300; x_wconf 87' lang='lat' dir='ltr'>tibi</span> <span class='ocrx_word' id='word_1_18' title='bbox 393 267 452 300; x_wconf 89' lang='lat' dir='ltr'>est</span> <span class='ocrx_word' id='word_1_19' title='bbox 482 263 655 300; x_wconf 75' lang='lat' dir='ltr'>divitiis2</span> <span class='ocrx_word' id='word_1_20' title='bbox 684 276 758 312; x_wconf 89' lang='lat' dir='ltr'>quo</span> <span class='ocrx_word' id='word_1_21' title='bbox 786 262 871 312; x_wconf 90' lang='lat' dir='ltr'>plus</span> <span class='ocrx_word' id='word_1_22' title='bbox 898 262 1027 310; x_wconf 88' lang='lat' dir='ltr'>habes,</span> <span class='ocrx_word' id='word_1_23' title='bbox 1049 276 1092 300; x_wconf 94' lang='lat' dir='ltr'>eo</span> <span class='ocrx_word' id='word_1_24' title='bbox 1111 263 1197 312; x_wconf 91' lang='lat' dir='ltr'>plus</span> <span class='ocrx_word' id='word_1_25' title='bbox 1220 264 1334 313; x_wconf 89' lang='lat' dir='ltr'>cupis.</span> <span class='ocrx_word' id='word_1_26' title='bbox 1392 264 1432 302; x_wconf 85' lang='lat' dir='ltr'>Si</span> 
     </span>
     <span class='ocr_line' id='line_1_5' title="bbox 42 330 1433 379; baseline 0 -9"><span class='ocrx_word' id='word_1_27' title='bbox 42 332 135 370; x_wconf 88' lang='lat' dir='ltr'>deus</span> <span class='ocrx_word' id='word_1_28' title='bbox 154 345 205 379; x_wconf 90' lang='grc'>65,</span> <span class='ocrx_word' id='word_1_29' title='bbox 225 331 443 369; x_wconf 88' lang='lat' dir='ltr'>hominibus</span> <span class='ocrx_word' id='word_1_30' title='bbox 463 330 553 368; x_wconf 90' lang='lat' dir='ltr'>dare</span> <span class='ocrx_word' id='word_1_31' title='bbox 572 343 739 376; x_wconf 88' lang='lat' dir='ltr'>munera,</span> <span class='ocrx_word' id='word_1_32' title='bbox 760 343 837 367; x_wconf 92' lang='lat' dir='ltr'>non</span> <span class='ocrx_word' id='word_1_33' title='bbox 856 331 1003 368; x_wconf 89' lang='lat' dir='ltr'>auferre</span> <span class='ocrx_word' id='word_1_34' title='bbox 1031 330 1146 368; x_wconf 89' lang='lat' dir='ltr'>debes</span> <span class='ocrx_word' id='word_1_35' title='bbox 1158 346 1169 379; x_wconf 78' lang='lat'><em>3</em></span> <span class='ocrx_word' id='word_1_36' title='bbox 1197 332 1229 369; x_wconf 89' lang='lat' dir='ltr'>si</span> <span class='ocrx_word' id='word_1_37' title='bbox 1247 336 1375 369; x_wconf 90' lang='lat' dir='ltr'>autem</span> <span class='ocrx_word' id='word_1_38' title='bbox 1394 345 1433 370; x_wconf 89' lang='lat' dir='ltr'>es</span> 
     </span>
     <span class='ocr_line' id='line_1_6' title="bbox 41 398 1434 450; baseline 0 -12"><span class='ocrx_word' id='word_1_39' title='bbox 41 401 166 447; x_wconf 89' lang='lat' dir='ltr'>homo,</span> <span class='ocrx_word' id='word_1_40' title='bbox 187 400 258 438; x_wconf 92' lang='lat' dir='ltr'>hoc</span> <span class='ocrx_word' id='word_1_41' title='bbox 277 413 325 437; x_wconf 91' lang='lat' dir='ltr'>ne</span> <span class='ocrx_word' id='word_1_42' title='bbox 344 399 487 437; x_wconf 88' lang='lat' dir='ltr'>oblitus</span> <span class='ocrx_word' id='word_1_43' title='bbox 507 399 566 437; x_wconf 91' lang='lat' dir='ltr'>sis.</span> <span class='ocrx_word' id='word_1_44' title='bbox 619 398 831 448; x_wconf 84' lang='lat' dir='ltr'>Propinqui</span> <span class='ocrx_word' id='word_1_45' title='bbox 851 398 923 436; x_wconf 89' lang='lat' dir='ltr'>tibi</span> <span class='ocrx_word' id='word_1_46' title='bbox 943 412 1073 436; x_wconf 90' lang='lat' dir='ltr'>sumus</span> <span class='ocrx_word' id='word_1_47' title='bbox 1089 414 1096 437; x_wconf 93' lang='lat'><strong>:</strong></span> <span class='ocrx_word' id='word_1_48' title='bbox 1125 399 1235 437; x_wconf 88' lang='lat' dir='ltr'>nobis</span> <span class='ocrx_word' id='word_1_49' title='bbox 1254 400 1373 450; x_wconf 85' lang='lat' dir='ltr'>igitur</span> <span class='ocrx_word' id='word_1_50' title='bbox 1390 405 1434 438; x_wconf 92' lang='lat' dir='ltr'>ut</span> 
     </span>
     <span class='ocr_line' id='line_1_7' title="bbox 42 466 1436 517; baseline 0 -11"><span class='ocrx_word' id='word_1_51' title='bbox 42 468 170 506; x_wconf 88' lang='lat' dir='ltr'>amicis</span> <span class='ocrx_word' id='word_1_52' title='bbox 197 468 255 505; x_wconf 91' lang='lat' dir='ltr'>uti</span> <span class='ocrx_word' id='word_1_53' title='bbox 283 471 444 517; x_wconf 89' lang='lat' dir='ltr'>oportet.</span> <span class='ocrx_word' id='word_1_54' title='bbox 502 467 647 505; x_wconf 88' lang='lat' dir='ltr'>Utrum</span> <span class='ocrx_word' id='word_1_55' title='bbox 674 466 813 504; x_wconf 89' lang='lat' dir='ltr'>amicos</span> <span class='ocrx_word' id='word_1_56' title='bbox 835 479 884 504; x_wconf 91' lang='lat' dir='ltr'>an</span> <span class='ocrx_word' id='word_1_57' title='bbox 902 466 1032 504; x_wconf 90' lang='lat' dir='ltr'>hostes</span> <span class='ocrx_word' id='word_1_58' title='bbox 1056 466 1198 504; x_wconf 87' lang='lat' dir='ltr'>habere</span> <span class='ocrx_word' id='word_1_59' title='bbox 1220 468 1305 505; x_wconf 65' lang='lat' dir='ltr'>vis?</span> <span class='ocrx_word' id='word_1_60' title='bbox 1341 481 1436 506; x_wconf 88' lang='lat' dir='ltr'>nun·</span> 
     </span>
     <span class='ocr_line' id='line_1_8' title="bbox 41 534 1025 584; baseline -0.002 -11"><span class='ocrx_word' id='word_1_61' title='bbox 41 549 155 584; x_wconf 87' lang='lat' dir='ltr'>quam</span> <span class='ocrx_word' id='word_1_62' title='bbox 174 536 276 573; x_wconf 89' lang='lat' dir='ltr'>enim</span> <span class='ocrx_word' id='word_1_63' title='bbox 295 537 335 572; x_wconf 91' lang='lat' dir='ltr'>in</span> <span class='ocrx_word' id='word_1_64' title='bbox 355 535 578 572; x_wconf 87' lang='lat' dir='ltr'>servitutem</span> <span class='ocrx_word' id='word_1_65' title='bbox 597 534 818 584; x_wconf 78' lang='lat' dir='ltr'>redigentur</span> <span class='ocrx_word' id='word_1_66' title='bbox 839 534 1025 584; x_wconf 85' lang='lat' dir='ltr'>Scythae.&#39;</span> 
     </span>
    </p>
   </div>
   <div class='ocr_carea' id='block_1_4' title="bbox 483 655 991 696">
    <p class='ocr_par' dir='ltr' id='par_1_4' title="bbox 483 655 991 696">
     <span class='ocr_line' id='line_1_9' title="bbox 483 655 991 696; baseline 0 -2"><span class='ocrx_word' id='word_1_67' title='bbox 483 655 723 694; x_wconf 71' lang='lat' dir='ltr'>Alexander</span> <span class='ocrx_word' id='word_1_68' title='bbox 741 656 830 694; x_wconf 77' lang='lat' dir='ltr'>and</span> <span class='ocrx_word' id='word_1_69' title='bbox 851 655 991 696; x_wconf 77' lang='lat' dir='ltr'>Clitus.</span> 
     </span>
    </p>
   </div>
   <div class='ocr_carea' id='block_1_5' title="bbox 42 741 1437 1135">
    <p class='ocr_par' dir='ltr' id='par_1_5' title="bbox 42 741 1437 1135">
     <span class='ocr_line' id='line_1_10' title="bbox 95 741 1434 794; baseline 0.001 -14"><span class='ocrx_word' id='word_1_70' title='bbox 95 741 377 780; x_wconf 85' lang='lat' dir='ltr'>273.—Clitus</span> <span class='ocrx_word' id='word_1_71' title='bbox 392 754 488 778; x_wconf 91' lang='lat' dir='ltr'>unus</span> <span class='ocrx_word' id='word_1_72' title='bbox 501 755 549 779; x_wconf 90' lang='lat' dir='ltr'>ex</span> <span class='ocrx_word' id='word_1_73' title='bbox 563 741 776 779; x_wconf 79' lang='lat' dir='ltr'>Alexandri</span> <span class='ocrx_word' id='word_1_74' title='bbox 792 742 922 780; x_wconf 86' lang='lat' dir='ltr'>amicis</span> <span class='ocrx_word' id='word_1_75' title='bbox 937 747 1035 780; x_wconf 87' lang='lat' dir='ltr'>erat:</span> <span class='ocrx_word' id='word_1_76' title='bbox 1056 742 1158 780; x_wconf 94' lang='lat' dir='ltr'>idem</span> <span class='ocrx_word' id='word_1_77' title='bbox 1173 743 1239 781; x_wconf 93' lang='lat' dir='ltr'>diu</span> <span class='ocrx_word' id='word_1_78' title='bbox 1254 744 1434 794; x_wconf 91' lang='lat' dir='ltr'>Philippo</span> 
     </span>
     <span class='ocr_line' id='line_1_11' title="bbox 42 809 1435 862; baseline 0.003 -16"><span class='ocrx_word' id='word_1_79' title='bbox 42 809 143 858; x_wconf 89' lang='lat' dir='ltr'>patri</span> <span class='ocrx_word' id='word_1_80' title='bbox 174 809 254 846; x_wconf 88' lang='lat' dir='ltr'>eius</span> <span class='ocrx_word' id='word_1_81' title='bbox 286 809 534 847; x_wconf 86' lang='lat' dir='ltr'>amicissimus</span> <span class='ocrx_word' id='word_1_82' title='bbox 570 809 704 848; x_wconf 78' lang='lat' dir='ltr'>fuerat.</span> <span class='ocrx_word' id='word_1_83' title='bbox 776 810 878 847; x_wconf 84' lang='lat' dir='ltr'>Olim</span> <span class='ocrx_word' id='word_1_84' title='bbox 911 824 1028 859; x_wconf 90' lang='lat' dir='ltr'>quum</span> <span class='ocrx_word' id='word_1_85' title='bbox 1061 811 1281 849; x_wconf 85' lang='lat' dir='ltr'>Alexander</span> <span class='ocrx_word' id='word_1_86' title='bbox 1313 813 1435 862; x_wconf 90' lang='lat' dir='ltr'>capite</span> 
     </span>
     <span class='ocr_line' id='line_1_12' title="bbox 42 876 1434 930; baseline 0.004 -17"><span class='ocrx_word' id='word_1_87' title='bbox 42 876 186 914; x_wconf 87' lang='lat' dir='ltr'>nudato</span> <span class='ocrx_word' id='word_1_88' title='bbox 206 890 291 914; x_wconf 89' lang='lat' dir='ltr'>cum</span> <span class='ocrx_word' id='word_1_89' title='bbox 318 877 426 915; x_wconf 86' lang='lat' dir='ltr'>hoste</span> <span class='ocrx_word' id='word_1_90' title='bbox 454 882 652 927; x_wconf 73' lang='lat' dir='ltr'>pugnaret,</span> <span class='ocrx_word' id='word_1_91' title='bbox 674 878 798 916; x_wconf 83' lang='lat' dir='ltr'>Clitus</span> <span class='ocrx_word' id='word_1_92' title='bbox 817 879 1083 917; x_wconf 80' lang='lat' dir='ltr'>Alexandrum</span> <span class='ocrx_word' id='word_1_93' title='bbox 1112 880 1232 930; x_wconf 88' lang='lat' dir='ltr'>clipeo</span> <span class='ocrx_word' id='word_1_94' title='bbox 1256 881 1434 927; x_wconf 81' lang='lat' dir='ltr'>servavit,</span> 
     </span>
     <span class='ocr_line' id='line_1_13' title="bbox 42 945 1437 995; baseline 0.003 -13"><span class='ocrx_word' id='word_1_95' title='bbox 42 949 82 982; x_wconf 89' lang='lat' dir='ltr'>et</span> <span class='ocrx_word' id='word_1_96' title='bbox 100 949 212 994; x_wconf 86' lang='lat' dir='ltr'>caput</span> <span class='ocrx_word' id='word_1_97' title='bbox 231 945 332 982; x_wconf 92' lang='lat' dir='ltr'>hosti</span> <span class='ocrx_word' id='word_1_98' title='bbox 363 946 534 983; x_wconf 91' lang='lat' dir='ltr'>abscidit.</span> <span class='ocrx_word' id='word_1_99' title='bbox 598 946 795 984; x_wconf 89' lang='lat' dir='ltr'>Hellenice</span> <span class='ocrx_word' id='word_1_100' title='bbox 824 947 941 984; x_wconf 88' lang='lat' dir='ltr'>etiam</span> <span class='ocrx_word' id='word_1_101' title='bbox 970 948 1048 985; x_wconf 91' lang='lat' dir='ltr'>eius</span> <span class='ocrx_word' id='word_1_102' title='bbox 1077 961 1193 995; x_wconf 87' lang='lat' dir='ltr'>soror,</span> <span class='ocrx_word' id='word_1_103' title='bbox 1223 948 1437 986; x_wconf 78' lang='lat' dir='ltr'>Alexandri</span> 
     </span>
     <span class='ocr_line' id='line_1_14' title="bbox 43 1013 1437 1066; baseline 0.003 -16"><span class='ocrx_word' id='word_1_104' title='bbox 43 1013 174 1050; x_wconf 86' lang='lat' dir='ltr'>nutrix</span> <span class='ocrx_word' id='word_1_105' title='bbox 209 1013 356 1052; x_wconf 87' lang='lat' dir='ltr'>fuerat:</span> <span class='ocrx_word' id='word_1_106' title='bbox 392 1014 490 1051; x_wconf 87' lang='lat' dir='ltr'>hanc</span> <span class='ocrx_word' id='word_1_107' title='bbox 522 1027 590 1052; x_wconf 89' lang='lat' dir='ltr'>rex</span> <span class='ocrx_word' id='word_1_108' title='bbox 626 1027 854 1064; x_wconf 83' lang='lat' dir='ltr'>magnopere</span> <span class='ocrx_word' id='word_1_109' title='bbox 891 1016 1053 1054; x_wconf 86' lang='lat' dir='ltr'>amabat.</span> <span class='ocrx_word' id='word_1_110' title='bbox 1123 1016 1259 1066; x_wconf 83' lang='lat' dir='ltr'>Itaque</span> <span class='ocrx_word' id='word_1_111' title='bbox 1292 1016 1437 1055; x_wconf 88' lang='lat' dir='ltr'>Clitum</span> 
     </span>
     <span class='ocr_line' id='line_1_15' title="bbox 43 1082 1433 1135; baseline 0.004 -16"><span class='ocrx_word' id='word_1_112' title='bbox 43 1095 190 1132; x_wconf 82' lang='lat' dir='ltr'>semper</span> <span class='ocrx_word' id='word_1_113' title='bbox 213 1082 425 1120; x_wconf 84' lang='lat' dir='ltr'>honorabat</span> <span class='ocrx_word' id='word_1_114' title='bbox 444 1083 674 1130; x_wconf 82' lang='lat' dir='ltr'>Alexander,</span> <span class='ocrx_word' id='word_1_115' title='bbox 696 1088 734 1121; x_wconf 90' lang='lat' dir='ltr'>et</span> <span class='ocrx_word' id='word_1_116' title='bbox 762 1084 978 1133; x_wconf 84' lang='lat' dir='ltr'>provinciae</span> <span class='ocrx_word' id='word_1_117' title='bbox 1005 1098 1165 1135; x_wconf 86' lang='lat' dir='ltr'>magnae</span> <span class='ocrx_word' id='word_1_118' title='bbox 1192 1086 1433 1135; x_wconf 71' lang='lat' dir='ltr'>praefecerat.</span> 
     </span>
    </p>
   </div>
   <div class='ocr_carea' id='block_1_6' title="bbox 39 1150 1437 1268">
    <p class='ocr_par' dir='ltr' id='par_1_6' title="bbox 39 1150 1437 1268">
     <span class='ocr_line' id='line_1_16' title="bbox 43 1150 1437 1203; baseline 0.004 -16"><span class='ocrx_word' id='word_1_119' title='bbox 43 1150 98 1187; x_wconf 93' lang='lat' dir='ltr'>Eo</span> <span class='ocrx_word' id='word_1_120' title='bbox 115 1163 231 1199; x_wconf 91' lang='lat' dir='ltr'>quum</span> <span class='ocrx_word' id='word_1_121' title='bbox 249 1151 487 1200; x_wconf 86' lang='lat' dir='ltr'>profecturus</span> <span class='ocrx_word' id='word_1_122' title='bbox 507 1156 616 1198; x_wconf 89' lang='lat' dir='ltr'>esset,</span> <span class='ocrx_word' id='word_1_123' title='bbox 636 1165 705 1190; x_wconf 84' lang='lat' dir='ltr'>rex</span> <span class='ocrx_word' id='word_1_124' title='bbox 724 1165 810 1189; x_wconf 89' lang='lat' dir='ltr'>eum</span> <span class='ocrx_word' id='word_1_125' title='bbox 829 1152 949 1202; x_wconf 90' lang='lat' dir='ltr'>epulis</span> <span class='ocrx_word' id='word_1_126' title='bbox 969 1152 1082 1191; x_wconf 89' lang='lat' dir='ltr'>lautis</span> <span class='ocrx_word' id='word_1_127' title='bbox 1102 1154 1262 1203; x_wconf 86' lang='lat' dir='ltr'>excepit.</span> <span class='ocrx_word' id='word_1_128' title='bbox 1311 1154 1437 1201; x_wconf 78' lang='lat' dir='ltr'>Quum</span> 
     </span>
     <span class='ocr_line' id='line_1_17' title="bbox 39 1213 1436 1268; baseline 0.007 -17"><span class='ocrx_word' id='word_1_129' title='bbox 39 1213 79 1250; x_wconf 90' lang='lat' dir='ltr'>in</span> <span class='ocrx_word' id='word_1_130' title='bbox 112 1214 231 1264; x_wconf 90' lang='lat' dir='ltr'>epulis</span> <span class='ocrx_word' id='word_1_131' title='bbox 259 1214 553 1259; x_wconf 84' lang='lat' dir='ltr'>discumberent,</span> <span class='ocrx_word' id='word_1_132' title='bbox 584 1214 631 1252; x_wconf 89' lang='lat' dir='ltr'>de</span> <span class='ocrx_word' id='word_1_133' title='bbox 662 1216 778 1254; x_wconf 88' lang='lat' dir='ltr'>rebus</span> <span class='ocrx_word' id='word_1_134' title='bbox 807 1231 828 1254; x_wconf 87' lang='lat' dir='ltr'>a</span> <span class='ocrx_word' id='word_1_135' title='bbox 856 1231 894 1255; x_wconf 82' lang='lat' dir='ltr'>se</span> <span class='ocrx_word' id='word_1_136' title='bbox 923 1219 1039 1268; x_wconf 75' lang='lat' dir='ltr'>gestis</span> <span class='ocrx_word' id='word_1_137' title='bbox 1067 1220 1291 1259; x_wconf 84' lang='lat' dir='ltr'>Alexander</span> <span class='ocrx_word' id='word_1_138' title='bbox 1313 1222 1436 1260; x_wconf 84' lang='lat' dir='ltr'>dicere</span> 
     </span>
    </p>
   </div>
   <div class='ocr_carea' id='block_1_7' title="bbox 40 1278 1436 1601">
    <p class='ocr_par' dir='ltr' id='par_1_7' title="bbox 40 1278 1436 1601">
     <span class='ocr_line' id='line_1_18' title="bbox 45 1278 1433 1330; baseline 0.011 -17"><span class='ocrx_word' id='word_1_139' title='bbox 45 1278 195 1327; x_wconf 86' lang='lat' dir='ltr'>incepit,</span> <span class='ocrx_word' id='word_1_140' title='bbox 233 1279 402 1330; x_wconf 89' lang='lat' dir='ltr'>Philippi</span> <span class='ocrx_word' id='word_1_141' title='bbox 438 1281 592 1319; x_wconf 86' lang='lat' dir='ltr'>virtutis</span> <span class='ocrx_word' id='word_1_142' title='bbox 630 1283 735 1320; x_wconf 88' lang='lat' dir='ltr'>nulla</span> <span class='ocrx_word' id='word_1_143' title='bbox 771 1285 964 1322; x_wconf 87' lang='lat' dir='ltr'>mentione</span> <span class='ocrx_word' id='word_1_144' title='bbox 1001 1286 1109 1325; x_wconf 88' lang='lat' dir='ltr'>facta.</span> <span class='ocrx_word' id='word_1_145' title='bbox 1170 1288 1285 1326; x_wconf 90' lang='lat' dir='ltr'>Illum</span> <span class='ocrx_word' id='word_1_146' title='bbox 1322 1290 1433 1328; x_wconf 87' lang='lat' dir='ltr'>etiam</span> 
     </span>
     <span class='ocr_line' id='line_1_19' title="bbox 42 1345 1435 1406; baseline 0.012 -25"><span class='ocrx_word' id='word_1_147' title='bbox 42 1345 252 1384; x_wconf 88' lang='lat' dir='ltr'>maledictis</span> <span class='ocrx_word' id='word_1_148' title='bbox 271 1347 472 1395; x_wconf 85' lang='lat' dir='ltr'>lacerabat,</span> <span class='ocrx_word' id='word_1_149' title='bbox 494 1362 532 1386; x_wconf 91' lang='grc'>56</span> <span class='ocrx_word' id='word_1_150' title='bbox 551 1363 573 1388; x_wconf 89' lang='lat' dir='ltr'>a</span> <span class='ocrx_word' id='word_1_151' title='bbox 591 1355 699 1399; x_wconf 88' lang='lat' dir='ltr'>patre</span> <span class='ocrx_word' id='word_1_152' title='bbox 717 1352 963 1391; x_wconf 88' lang='lat' dir='ltr'>victoriarum</span> <span class='ocrx_word' id='word_1_153' title='bbox 977 1355 1097 1404; x_wconf 82' lang='lat' dir='ltr'>gloria</span> <span class='ocrx_word' id='word_1_154' title='bbox 1114 1357 1308 1406; x_wconf 89' lang='lat' dir='ltr'>privatum</span> <span class='ocrx_word' id='word_1_155' title='bbox 1322 1359 1435 1398; x_wconf 88' lang='lat' dir='ltr'>fuisse</span> 
     </span>
     <span class='ocr_line' id='line_1_20' title="bbox 43 1413 1436 1476; baseline 0.012 -27"><span class='ocrx_word' id='word_1_156' title='bbox 43 1413 240 1452; x_wconf 88' lang='lat' dir='ltr'>affirmans.</span> <span class='ocrx_word' id='word_1_157' title='bbox 297 1415 395 1452; x_wconf 92' lang='lat' dir='ltr'>Tum</span> <span class='ocrx_word' id='word_1_158' title='bbox 423 1416 547 1454; x_wconf 85' lang='lat' dir='ltr'>Clitus</span> <span class='ocrx_word' id='word_1_159' title='bbox 576 1418 798 1469; x_wconf 88' lang='lat' dir='ltr'>Philippum</span> <span class='ocrx_word' id='word_1_160' title='bbox 827 1420 980 1460; x_wconf 87' lang='lat' dir='ltr'>laudare</span> <span class='ocrx_word' id='word_1_161' title='bbox 1009 1423 1161 1474; x_wconf 89' lang='lat' dir='ltr'>incepit,</span> <span class='ocrx_word' id='word_1_162' title='bbox 1191 1430 1235 1463; x_wconf 92' lang='lat' dir='ltr'>ut</span> <span class='ocrx_word' id='word_1_163' title='bbox 1264 1427 1330 1476; x_wconf 92' lang='lat' dir='ltr'>qui</span> <span class='ocrx_word' id='word_1_164' title='bbox 1359 1427 1436 1466; x_wconf 89' lang='lat' dir='ltr'>filio</span> 
     </span>
     <span class='ocr_line' id='line_1_21' title="bbox 42 1481 1436 1543; baseline 0.012 -26"><span class='ocrx_word' id='word_1_165' title='bbox 42 1481 268 1529; x_wconf 89' lang='lat' dir='ltr'>praeclarior</span> <span class='ocrx_word' id='word_1_166' title='bbox 295 1483 437 1522; x_wconf 90' lang='lat' dir='ltr'>fuisset.</span> <span class='ocrx_word' id='word_1_167' title='bbox 495 1485 630 1535; x_wconf 87' lang='lat' dir='ltr'>Itaque</span> <span class='ocrx_word' id='word_1_168' title='bbox 658 1487 880 1527; x_wconf 87' lang='lat' dir='ltr'>Alexander</span> <span class='ocrx_word' id='word_1_169' title='bbox 898 1491 1009 1529; x_wconf 88' lang='lat' dir='ltr'>valde</span> <span class='ocrx_word' id='word_1_170' title='bbox 1038 1492 1167 1539; x_wconf 86' lang='lat' dir='ltr'>iratus,</span> <span class='ocrx_word' id='word_1_171' title='bbox 1196 1498 1328 1543; x_wconf 88' lang='lat' dir='ltr'>pectus</span> <span class='ocrx_word' id='word_1_172' title='bbox 1355 1496 1436 1533; x_wconf 88' lang='lat' dir='ltr'>eius</span> 
     </span>
     <span class='ocr_line' id='line_1_22' title="bbox 40 1548 1436 1601; baseline 0.012 -16"><span class='ocrx_word' id='word_1_173' title='bbox 40 1548 167 1597; x_wconf 84' lang='lat' dir='ltr'>gladio</span> <span class='ocrx_word' id='word_1_174' title='bbox 190 1551 391 1589; x_wconf 88' lang='lat' dir='ltr'>transfixit.</span> <span class='ocrx_word' id='word_1_175' title='bbox 450 1552 576 1599; x_wconf 75' lang='lat' dir='ltr'>Quum</span> <span class='ocrx_word' id='word_1_176' title='bbox 595 1559 723 1592; x_wconf 89' lang='lat' dir='ltr'>autem</span> <span class='ocrx_word' id='word_1_177' title='bbox 742 1558 977 1596; x_wconf 87' lang='lat' dir='ltr'>meminisset</span> <span class='ocrx_word' id='word_1_178' title='bbox 997 1559 1142 1598; x_wconf 84' lang='lat' dir='ltr'>Clitum</span> <span class='ocrx_word' id='word_1_179' title='bbox 1161 1562 1319 1600; x_wconf 90' lang='lat' dir='ltr'>nutricis</span> <span class='ocrx_word' id='word_1_180' title='bbox 1347 1577 1436 1601; x_wconf 85' lang='lat' dir='ltr'>suae</span> 
     </span>
    </p>
   </div>
   <div class='ocr_carea' id='block_1_8' title="bbox 41 1616 1436 1734">
    <p class='ocr_par' dir='ltr' id='par_1_8' title="bbox 41 1616 1436 1734">
     <span class='ocr_line' id='line_1_23' title="bbox 41 1616 1436 1680; baseline 0.012 -27"><span class='ocrx_word' id='word_1_181' title='bbox 41 1616 198 1655; x_wconf 88' lang='lat' dir='ltr'>fratrem</span> <span class='ocrx_word' id='word_1_182' title='bbox 217 1632 308 1665; x_wconf 89' lang='lat' dir='ltr'>esse,</span> <span class='ocrx_word' id='word_1_183' title='bbox 329 1619 419 1657; x_wconf 89' lang='lat' dir='ltr'>facti</span> <span class='ocrx_word' id='word_1_184' title='bbox 439 1633 526 1658; x_wconf 90' lang='lat' dir='ltr'>eum</span> <span class='ocrx_word' id='word_1_185' title='bbox 553 1622 755 1671; x_wconf 85' lang='lat' dir='ltr'>poenituit,</span> <span class='ocrx_word' id='word_1_186' title='bbox 785 1637 907 1674; x_wconf 86' lang='lat' dir='ltr'>neque</span> <span class='ocrx_word' id='word_1_187' title='bbox 935 1627 1099 1666; x_wconf 90' lang='lat' dir='ltr'>multum</span> <span class='ocrx_word' id='word_1_188' title='bbox 1127 1629 1250 1667; x_wconf 87' lang='lat' dir='ltr'>abfuit</span> <span class='ocrx_word' id='word_1_189' title='bbox 1276 1630 1369 1680; x_wconf 91' lang='lat' dir='ltr'>quin</span> <span class='ocrx_word' id='word_1_190' title='bbox 1397 1645 1436 1670; x_wconf 89' lang='lat' dir='ltr'>se</span> 
     </span>
     <span class='ocr_line' id='line_1_24' title="bbox 42 1684 422 1734; baseline 0.011 -13"><span class='ocrx_word' id='word_1_191' title='bbox 42 1684 166 1734; x_wconf 90' lang='lat' dir='ltr'>ipsum</span> <span class='ocrx_word' id='word_1_192' title='bbox 183 1685 422 1726; x_wconf 87' lang='lat' dir='ltr'>interficeret.</span> 
     </span>
    </p>
   </div>
   <div class='ocr_carea' id='block_1_9' title="bbox 456 1802 1024 1856">
    <p class='ocr_par' dir='ltr' id='par_1_9' title="bbox 456 1802 1024 1856">
     <span class='ocr_line' id='line_1_25' title="bbox 456 1802 1024 1856; baseline 0.014 -16"><span class='ocrx_word' id='word_1_193' title='bbox 456 1802 539 1841; x_wconf 77' lang='lat' dir='ltr'>lee</span> <span class='ocrx_word' id='word_1_194' title='bbox 557 1803 698 1843; x_wconf 81' lang='lat' dir='ltr'>advice</span> <span class='ocrx_word' id='word_1_195' title='bbox 716 1805 769 1856; x_wconf 83' lang='lat' dir='ltr'>of</span> <span class='ocrx_word' id='word_1_196' title='bbox 779 1806 1024 1848; x_wconf 76' lang='lat' dir='ltr'>Alcibiades.</span> 
     </span>
    </p>
   </div>
   <div class='ocr_carea' id='block_1_10' title="bbox 41 1885 1434 2283">
    <p class='ocr_par' dir='ltr' id='par_1_10' title="bbox 41 1885 1434 2283">
     <span class='ocr_line' id='line_1_26' title="bbox 93 1885 1434 1937; baseline 0.012 -16"><span class='ocrx_word' id='word_1_197' title='bbox 93 1885 475 1924; x_wconf 79' lang='lat' dir='ltr'>274.—Alcibiades</span> <span class='ocrx_word' id='word_1_198' title='bbox 513 1887 729 1927; x_wconf 87' lang='lat' dir='ltr'>adolescens</span> <span class='ocrx_word' id='word_1_199' title='bbox 766 1890 951 1930; x_wconf 87' lang='lat' dir='ltr'>Periclem</span> <span class='ocrx_word' id='word_1_200' title='bbox 989 1893 1094 1932; x_wconf 87' lang='lat' dir='ltr'>adiit.</span> <span class='ocrx_word' id='word_1_201' title='bbox 1162 1896 1276 1935; x_wconf 93' lang='lat' dir='ltr'>Hunc</span> <span class='ocrx_word' id='word_1_202' title='bbox 1312 1899 1434 1937; x_wconf 91' lang='lat' dir='ltr'>solum</span> 
     </span>
     <span class='ocr_line' id='line_1_27' title="bbox 41 1950 1434 2010; baseline 0.014 -23"><span class='ocrx_word' id='word_1_203' title='bbox 41 1950 143 1988; x_wconf 89' lang='lat' dir='ltr'>tristi</span> <span class='ocrx_word' id='word_1_204' title='bbox 157 1951 266 1989; x_wconf 89' lang='lat' dir='ltr'>vultu</span> <span class='ocrx_word' id='word_1_205' title='bbox 286 1952 482 1991; x_wconf 87' lang='lat' dir='ltr'>sedentem</span> <span class='ocrx_word' id='word_1_206' title='bbox 501 1955 659 1994; x_wconf 87' lang='lat' dir='ltr'>invenit.</span> <span class='ocrx_word' id='word_1_207' title='bbox 704 1957 886 1997; x_wconf 87' lang='lat' dir='ltr'>Caussam</span> <span class='ocrx_word' id='word_1_208' title='bbox 901 1963 1051 2010; x_wconf 86' lang='lat' dir='ltr'>quaerit</span> <span class='ocrx_word' id='word_1_209' title='bbox 1065 1962 1293 2004; x_wconf 85' lang='lat' dir='ltr'>adolescens.</span> <span class='ocrx_word' id='word_1_210' title='bbox 1336 1967 1434 2005; x_wconf 92' lang='lat' dir='ltr'>Tum</span> 
     </span>
     <span class='ocr_line' id='line_1_28' title="bbox 42 2016 1433 2080; baseline 0.014 -25"><span class='ocrx_word' id='word_1_211' title='bbox 42 2016 218 2066; x_wconf 88' lang='lat' dir='ltr'>Pericles,</span> <span class='ocrx_word' id='word_1_212' title='bbox 259 2024 268 2041; x_wconf 90' lang='lat'>‘</span> <span class='ocrx_word' id='word_1_213' title='bbox 286 2020 484 2060; x_wconf 89' lang='lat' dir='ltr'>Minervae</span> <span class='ocrx_word' id='word_1_214' title='bbox 521 2024 678 2074; x_wconf 84' lang='lat' dir='ltr'>templi‚&#39;</span> <span class='ocrx_word' id='word_1_215' title='bbox 723 2026 861 2076; x_wconf 90' lang='lat' dir='ltr'>inquit,</span> <span class='ocrx_word' id='word_1_216' title='bbox 902 2033 911 2050; x_wconf 90' lang='lat'>‘</span> <span class='ocrx_word' id='word_1_217' title='bbox 929 2031 1133 2080; x_wconf 87' lang='lat' dir='ltr'>propylaea</span> <span class='ocrx_word' id='word_1_218' title='bbox 1169 2046 1217 2070; x_wconf 92' lang='lat' dir='ltr'>ex</span> <span class='ocrx_word' id='word_1_219' title='bbox 1253 2035 1433 2074; x_wconf 87' lang='lat' dir='ltr'>mandato</span> 
     </span>
     <span class='ocr_line' id='line_1_29' title="bbox 42 2086 1434 2143; baseline 0.014 -21"><span class='ocrx_word' id='word_1_220' title='bbox 42 2086 180 2124; x_wconf 86' lang='lat' dir='ltr'>civium</span> <span class='ocrx_word' id='word_1_221' title='bbox 208 2088 371 2136; x_wconf 87' lang='lat' dir='ltr'>perfeci:</span> <span class='ocrx_word' id='word_1_222' title='bbox 405 2090 471 2127; x_wconf 90' lang='lat' dir='ltr'>sed</span> <span class='ocrx_word' id='word_1_223' title='bbox 491 2092 682 2140; x_wconf 88' lang='lat' dir='ltr'>quomodo</span> <span class='ocrx_word' id='word_1_224' title='bbox 701 2096 881 2143; x_wconf 87' lang='lat' dir='ltr'>pecuniae</span> <span class='ocrx_word' id='word_1_225' title='bbox 900 2098 1089 2136; x_wconf 89' lang='lat' dir='ltr'>rationem</span> <span class='ocrx_word' id='word_1_226' title='bbox 1108 2100 1267 2139; x_wconf 88' lang='lat' dir='ltr'>reddam</span> <span class='ocrx_word' id='word_1_227' title='bbox 1285 2104 1434 2143; x_wconf 89' lang='lat' dir='ltr'>nesci0.&#39;</span> 
     </span>
     <span class='ocr_line' id='line_1_30' title="bbox 41 2153 1434 2212; baseline 0.014 -22"><span class='ocrx_word' id='word_1_228' title='bbox 41 2153 113 2191; x_wconf 89' lang='grc'>0111</span> <span class='ocrx_word' id='word_1_229' title='bbox 140 2155 381 2195; x_wconf 87' lang='lat' dir='ltr'>Alcibiades:</span> <span class='ocrx_word' id='word_1_230' title='bbox 417 2158 524 2196; x_wconf 89' lang='lat' dir='ltr'>‘Hoc</span> <span class='ocrx_word' id='word_1_231' title='bbox 553 2161 680 2209; x_wconf 89' lang='lat' dir='ltr'>potius</span> <span class='ocrx_word' id='word_1_232' title='bbox 713 2163 940 2212; x_wconf 88' lang='lat' dir='ltr'>machinare,</span> <span class='ocrx_word' id='word_1_233' title='bbox 975 2179 1023 2204; x_wconf 88' lang='lat' dir='ltr'>ne</span> <span class='ocrx_word' id='word_1_234' title='bbox 1056 2168 1243 2207; x_wconf 87' lang='lat' dir='ltr'>rationem</span> <span class='ocrx_word' id='word_1_235' title='bbox 1275 2171 1434 2210; x_wconf 89' lang='lat' dir='ltr'>reddere</span> 
     </span>
     <span class='ocr_line' id='line_1_31' title="bbox 41 2222 1434 2283; baseline 0.014 -24"><span class='ocrx_word' id='word_1_236' title='bbox 41 2222 209 2271; x_wconf 61' lang='lat' dir='ltr'>cogaris?</span> <span class='ocrx_word' id='word_1_237' title='bbox 273 2224 438 2264; x_wconf 80' lang='lat' dir='ltr'>Pericles</span> <span class='ocrx_word' id='word_1_238' title='bbox 476 2226 725 2267; x_wconf 86' lang='lat' dir='ltr'>adolescentis</span> <span class='ocrx_word' id='word_1_239' title='bbox 762 2233 917 2270; x_wconf 87' lang='lat' dir='ltr'>monitis</span> <span class='ocrx_word' id='word_1_240' title='bbox 953 2235 1102 2283; x_wconf 88' lang='lat' dir='ltr'>paruit:</span> <span class='ocrx_word' id='word_1_241' title='bbox 1138 2249 1220 2274; x_wconf 89' lang='lat' dir='ltr'>rem</span> <span class='ocrx_word' id='word_1_242' title='bbox 1247 2238 1349 2276; x_wconf 90' lang='lat' dir='ltr'>enim</span> <span class='ocrx_word' id='word_1_243' title='bbox 1380 2240 1434 2278; x_wconf 88' lang='lat' dir='ltr'>ita</span> 
     </span>
    </p>
   </div>
   <div class='ocr_carea' id='block_1_11' title="bbox 40 2291 1434 2407">
    <p class='ocr_par' dir='ltr' id='par_1_11' title="bbox 40 2291 1434 2407">
     <span class='ocr_line' id='line_1_32' title="bbox 40 2291 1434 2357; baseline 0.014 -30"><span class='ocrx_word' id='word_1_244' title='bbox 40 2291 176 2337; x_wconf 86' lang='lat' dir='ltr'>effecit,</span> <span class='ocrx_word' id='word_1_245' title='bbox 209 2296 253 2330; x_wconf 89' lang='lat' dir='ltr'>ut</span> <span class='ocrx_word' id='word_1_246' title='bbox 287 2293 385 2331; x_wconf 90' lang='lat' dir='ltr'>cives</span> <span class='ocrx_word' id='word_1_247' title='bbox 419 2308 503 2332; x_wconf 84' lang='lat' dir='ltr'>eum</span> <span class='ocrx_word' id='word_1_248' title='bbox 538 2297 761 2347; x_wconf 88' lang='lat' dir='ltr'>propinquis</span> <span class='ocrx_word' id='word_1_249' title='bbox 794 2299 888 2338; x_wconf 90' lang='lat' dir='ltr'>inito</span> <span class='ocrx_word' id='word_1_250' title='bbox 921 2301 1031 2349; x_wconf 90' lang='lat' dir='ltr'>bello,</span> <span class='ocrx_word' id='word_1_251' title='bbox 1065 2305 1254 2343; x_wconf 88' lang='lat' dir='ltr'>rationem</span> <span class='ocrx_word' id='word_1_252' title='bbox 1282 2320 1434 2357; x_wconf 87' lang='lat' dir='ltr'>poscere</span> 
     </span>
     <span class='ocr_line' id='line_1_33' title="bbox 41 2364 299 2407; baseline 0.016 -13"><span class='ocrx_word' id='word_1_253' title='bbox 41 2369 116 2395; x_wconf 90' lang='lat' dir='ltr'>non</span> <span class='ocrx_word' id='word_1_254' title='bbox 136 2364 299 2407; x_wconf 89' lang='lat' dir='ltr'>possent.</span> 
     </span>
    </p>
   </div>
   <div class='ocr_carea' id='block_1_12' title="bbox 722 2442 749 2471">
    <p class='ocr_par' dir='ltr' id='par_1_12' title="bbox 722 2442 749 2471">
     <span class='ocr_line' id='line_1_34' title="bbox 722 2442 749 2471; baseline 0 0"><span class='ocrx_word' id='word_1_255' title='bbox 722 2442 749 2471; x_wconf 77' lang='lat' dir='ltr'>G</span> 
     </span>
    </p>
   </div>
  </div>
 </body>
</html>
