1591 2492
91 50 272 101 PART1V.J
327 50 608 88 SHORTEST
629 51 746 87 WAY
765 50 837 88 TO
856 48 1138 89 ABSOLUTE
1158 51 1356 89 POWER.
1419 61 1462 99 57

152 213 418 252 X1.—THE
446 215 848 252 ADVANTAGES
880 215 958 252 OF
986 215 1025 250 A
1054 214 1375 251 REPUBLIC.

140 287 464 329 169.-—Athenae
490 287 555 325 diu
583 301 605 325 a
634 288 805 338 tyrannis
833 300 1030 337 oppressae
1050 291 1166 325 erant.
1222 286 1294 325 His
1313 285 1467 325 tandem

86 356 221 394 coactis
232 360 276 394 ut
287 356 501 394 exsulatum
513 356 671 403 abirent,
686 360 816 394 auctae
832 361 922 394 sunt
933 356 1175 394 Athenarum
1191 368 1297 405 opes:
1317 355 1464 393 civitas-

86 437 157 474 que
169 425 432 462 florentissima
442 424 542 462 facta
552 428 606 462 es*
648 425 820 474 Apparet
832 428 1055 470 autem,non
1067 423 1138 460 hoc
1150 423 1270 463 solum
1282 423 1465 472 exemplo,

85 492 151 530 sed
162 492 311 542 ubique,
326 506 439 542 quam
450 492 640 542 praeclara
651 505 708 530 res
724 492 772 529 sit
787 491 878 529 iuris
893 491 1108 541 aequalitas.
1147 490 1248 528 Nam
1260 495 1298 528 et
1311 490 1468 528 Atheni-

85 573 202 607 enses,
231 560 411 610 quamdiu
443 561 512 598 sub
543 560 715 609 tyrannis
743 564 861 606 erant,
890 559 1004 596 nullis
1040 572 1089 595 ex
1124 558 1293 595 finitimis
1319 557 1467 608 populis

88 627 182 665 bello
213 627 367 665 fuerunt
398 628 606 677 superiores
619 643 629 675 3
661 627 832 676 tyrannis
864 631 991 664 autem
1022 626 1182 672 liberati,
1215 626 1325 676 longe
1355 624 1467 675 primi

84 695 173 732 facti
192 700 290 734 sunt.
347 696 450 743 Quae
469 709 527 733 res
555 695 732 742 declarat,
754 695 878 744 quoad
898 708 920 732 a
938 694 1109 744 tyrannis
1137 697 1262 731 essent
1289 693 1466 743 oppressi,

84 762 167 800 illos
185 763 310 802 minus
329 763 478 801 fortiter
496 777 576 800 rem
594 763 762 813 gessisse,
783 763 921 812 quippe
948 775 1016 812 pro
1044 761 1197 799 domino
1225 774 1301 799 non
1319 773 1387 811 pro
1407 773 1468 798 se:

84 835 285 880 postquam
311 844 401 869 vero
428 831 468 868 in
495 831 711 869 libertatem
738 837 827 868 sunt
854 830 1032 877 restituti,
1052 829 1308 879 unusquisque
1335 841 1402 878 pro
1430 839 1469 866 se

84 898 162 948 ipse
181 898 348 936 studiose
367 898 484 936 dabat
503 912 654 948 operam
674 903 717 936 ut
735 903 835 936 recte
854 911 933 935 rem
952 902 1107 948 gereret.

128 1033 419 1069 §HL—THE
449 1033 767 1070 SHORTEST
796 1032 939 1068 WAY
967 1032 1045 1069 TO
1073 1030 1392 1068 ABSOLUTE

660 1099 896 1137 POWER.

139 1173 510 1220 I70.—Periander,
526 1186 595 1210 rex
613 1172 799 1219 Corinthi,
812 1172 920 1209 initio
934 1171 1087 1221 quidem
1100 1171 1204 1208 mitis
1216 1174 1297 1208 erat
1303 1185 1314 1218 3
1332 1169 1409 1217 sed,
1423 1183 1470 1207 ex

85 1254 158 1290 quo
176 1254 244 1291 per
258 1241 412 1279 nuntios
431 1241 695 1279 commercium
713 1240 848 1278 habuit
867 1253 951 1278 cum
969 1239 1219 1289 Thrasybulo,
1234 1238 1469 1276 Milesiorum

83 1313 257 1358 tyranno,
278 1309 438 1347 crudelis
458 1313 496 1346 et
515 1308 825 1358 sanguinolentus
847 1308 969 1345 factus
990 1311 1056 1346 est.
1107 1307 1226 1345 Misso
1245 1306 1294 1345 ad
1312 1306 1472 1356 Thrasy-

84 1376 216 1414 bulum
242 1390 436 1426 praecone,
466 1377 653 1426 quaesivit
682 1389 730 1414 ex
761 1376 837 1423 illo,
873 1379 882 1397 ‘
897 1389 971 1425 quo
1003 1380 1124 1425 pacto,
1158 1375 1269 1413 rebus
1297 1374 1471 1412 omnibus

84 1444 295 1482 firmissime
315 1445 540 1491 constitutis,
562 1444 702 1494 optime
730 1448 918 1494 praeesset
946 1443 1134 1481 civitati?
1201 1442 1470 1492 Thrasybulus,

85 1512 236 1549 homine
251 1513 316 1561 qui
335 1526 357 1550 a
375 1512 583 1550 Periandro
602 1512 737 1549 missus
757 1516 837 1549 erat
852 1516 960 1549 extra
974 1511 1107 1549 urbem
1122 1510 1268 1557 educto,
1285 1510 1472 1560 ingressus

84 1584 142 1617 est
156 1593 288 1617 arvum
303 1580 495 1629 quoddam
507 1584 641 1626 saturn,
652 1579 922 1628 ambulansque
936 1592 1004 1628 per
1018 1583 1195 1629 segetem,
1209 1578 1473 1627 sciscitansque

85 1660 133 1684 ex
145 1660 188 1684 eo
202 1660 266 1684 cur
278 1648 325 1684 ad
339 1661 377 1685 se
393 1647 577 1685 Corintho
590 1647 724 1684 missus
738 1652 846 1694 esset,
861 1647 1111 1684 detruncabat
1123 1646 1275 1684 interim
1287 1658 1473 1695 quamque

85 1714 226 1764 spicam
245 1728 356 1764 super
384 1715 474 1753 alias
501 1715 742 1761 eminentem,
762 1714 881 1752 donec
909 1714 1201 1764 pulcherrimam
1228 1717 1267 1751 et
1293 1712 1474 1763 pinguiss-

86 1782 201 1819 imam
215 1783 351 1832 segetis
366 1787 513 1832 partem
527 1783 595 1819 tali
609 1782 722 1819 modo
739 1782 923 1831 corrupit3
942 1781 1116 1831 denique,
1132 1785 1332 1831 postquam
1343 1793 1474 1830 agrum

85 1850 140 1887 ita
153 1855 379 1900 pervagatus
399 1855 466 1897 est,
487 1850 631 1887 dimisit
645 1850 824 1900 legatum,
839 1849 987 1886 nullum
1002 1849 1161 1886 verbum
1180 1848 1214 1886 ei
1232 1847 1472 1898 praecipiens,

87 1917 166 1955 Ubi
185 1917 414 1956 Corinthum
428 1917 542 1955 rediit
560 1918 717 1967 legatus,
739 1917 896 1967 cupidus
913 1921 994 1954 erat
1008 1915 1215 1954 Periander
1229 1914 1477 1966 cognoscendi

86 1990 286 2036 praecepta
311 1986 550 2035 Thrasybuli.
606 1984 820 2034 Respondit
846 1985 993 2034 legatus
1009 1999 1016 2022 :
1052 1984 1148 2021 nihil
1176 1983 1249 2021 sibi
1279 1982 1477 2020 mandasse

88 2053 377 2103 Thrasybulum.
408 2053 507 2090 Tum
518 2052 763 2099 renuntiavit,
777 2051 869 2101 quid
882 2056 1056 2101 agentem
1067 2050 1349 2100 Thrasybulum
1360 2049 1473 2088 vidis-

89 2127 155 2161 set.
210 2121 265 2159 At
291 2121 509 2168 Periander,
530 2120 747 2169 intelligens
781 2120 934 2167 factum,
955 2124 1209 2169 reputansque
1236 2118 1382 2156 moneri
1400 2130 1439 2155 se
1458 2130 1480 2155 a

88 2189 327 2239 Thrasybulo
341 2194 385 2227 ut
396 2189 684 2227 eminentiorem
697 2174 883 2238 quemque
899 2187 1019 2225 civem
1034 2187 1281 2233 interimeret,
1294 2190 1378 2223 tum
1389 2198 1479 2224 vero

91 2271 241 2295 omnem
259 2257 439 2295 adversus
462 2257 560 2294 cives
588 2257 797 2306 nequitiam
825 2269 997 2293 exercere
1025 2255 1176 2305 incepit.
1232 2254 1338 2301 Mox,
1368 2254 1481 2292 inter-

92 2324 198 2363 fectis
217 2325 391 2363 omnibus
409 2324 648 2375 primoribus,
665 2324 791 2361 omnia
809 2324 941 2369 facere,
959 2336 1053 2372 quae
1072 2323 1199 2369 vellet,
1215 2321 1324 2360 facile
1342 2321 1477 2372 potuit.
