1591 2492
61 92 164 118 PART
182 81 254 131 Ν]
364 81 607 120 OROETES
634 82 749 117 AND
779 80 1138 118 POLYCRATES.
1392 90 1435 127 51

317 273 462 309 V.—A
492 272 945 308 HAIRBREADTH
978 273 1218 310 ESCAPE.

107 361 359 402 153.—Olim
371 361 558 399 Sandoces
573 361 726 411 quidam
737 362 823 399 urbi
834 362 974 410 Cyniae
986 361 1196 410 praefectus
1209 366 1298 400 erat.
1330 362 1442 400 Hunc

61 430 198 467 Darius
224 443 303 476 rex,
332 442 449 479 quum
476 430 693 476 invenisset,
713 442 810 475 eum,
835 442 951 478 quum
978 429 1094 466 iudex
1120 429 1264 476 fuisset,
1293 436 1443 480 accepta

60 498 217 546 pecunia
243 498 422 534 iniustam
450 498 677 535 sententiam
703 498 981 546 pronuntiasse,
1002 498 1041 534 in
1069 510 1216 534 crucem
1236 498 1296 547 agi
1323 498 1440 536 iussit.

60 565 111 602 Et
137 565 212 602 iam
239 578 439 614 suspensus
476 569 556 602 erat
571 579 581 611 ;
618 577 734 614 quum
761 564 911 611 Darius,
940 565 1126 602 rationem
1162 578 1287 602 secum
1322 566 1443 603 iniens

59 645 184 669 rerum
221 632 268 669 ab
305 632 369 669 illo
405 637 607 682 gestarum,
636 632 776 681 reperit
807 632 928 669 multo
955 632 1064 681 plura
1096 645 1175 669 esse
1203 633 1282 669 eius
1310 633 1444 670 merita

59 699 98 736 in
133 699 274 749 regiam
301 699 456 736 domum
488 712 601 748 quam
627 699 834 737 malefacta.
909 699 1019 746 Quod
1055 704 1256 749 postquam
1292 700 1442 749 reperit,

60 779 264 816 agnoscens
295 767 557 815 properantius
588 779 610 803 a
637 779 674 803 se
703 779 816 814 quam
843 767 1050 816 sapientius
1078 772 1203 804 actum
1230 779 1321 813 esse,
1349 767 1444 804 solvi

58 833 249 870 hominem
284 833 402 870 iussit.
475 833 537 870 Ita
576 833 801 882 supplicium
847 847 867 869 a
912 833 1028 870 Dario
1070 833 1262 870 decretum
1301 834 1443 883 effugit,

58 905 320 949 superstesque
340 900 420 937 fuit.

235 1110 646 1149 VL—OROETES
679 1111 806 1148 AND
844 1110 1252 1148 POLYCRATES.

274 1232 356 1270 lee
372 1245 488 1270 cause
506 1232 558 1281 of
574 1231 742 1271 Oroetes'
752 1232 940 1282 jealousy
960 1231 1014 1281 of
1024 1231 1267 1281 Polycrates.

112 1323 426 1364 154.—Or0etes
445 1319 571 1369 Persa,
586 1323 762 1360 Sardium
780 1336 929 1373 praeses
949 1323 1177 1361 constitutus
1195 1337 1217 1361 a
1236 1324 1348 1373 Cyro,
1362 1325 1446 1363 faci—

60 1405 131 1429 nus
150 1392 275 1429 animo
296 1391 455 1441 agitavit
473 1391 659 1428 nefarium
676 1407 683 1429 z
712 1392 853 1429 etenim
871 1392 1112 1440 Polycratem
1131 1392 1311 1440 Samium,
1331 1407 1354 1431 a
1372 1407 1445 1443 quo

58 1473 126 1497 nec
144 1460 244 1497 facto
272 1459 349 1496 ullo
369 1472 437 1496 nec
465 1458 566 1496 dicto
594 1472 786 1508 quoquam
811 1460 992 1497 iniurioso
1020 1459 1144 1497 fuerat
1168 1460 1301 1507 laesus,
1321 1474 1447 1510 quem-

59 1540 131 1576 que
167 1540 244 1564 non
280 1526 428 1564 viderat
452 1539 619 1575 unquam
646 1531 768 1572 antea,
799 1539 929 1575 capere
962 1531 1000 1564 et
1036 1527 1245 1564 interficere
1277 1528 1444 1577 cupivit:

58 1594 184 1643 idque,
204 1598 248 1631 ut
265 1593 434 1643 plerique
462 1594 631 1640 tradunt,
651 1593 766 1630 talem
786 1594 834 1631 ob
857 1607 1034 1632 caussam.
1090 1593 1154 1631 Ad
1172 1594 1270 1644 regis
1297 1599 1447 1644 portam

60 1673 178 1710 quum
205 1660 363 1697 sedisset
381 1660 442 1697 hic
471 1661 639 1707 Oroetes,
660 1665 698 1697 et
725 1661 819 1698 alius
846 1661 973 1707 Persa,
995 1661 1053 1698 cui
1080 1674 1219 1698 nomen
1246 1662 1447 1700 Mitrobati

59 1729 143 1774 fuit,
163 1728 204 1765 hi
222 1728 332 1765 ambo
351 1728 391 1764 in
409 1729 611 1765 verborum
630 1729 911 1765 contentionem
930 1728 1108 1766 dicuntur
1126 1728 1310 1767 incidisse.
1354 1729 1447 1767 Nar-

60 1801 146 1833 rant
173 1801 300 1833 autem
327 1795 573 1842 Mitrobaten,
603 1808 719 1844 quum
746 1795 793 1832 de
820 1795 962 1833 virtute
989 1796 1089 1833 inter
1116 1809 1154 1833 se
1182 1796 1446 1846 disceptarent,

62 1862 222 1900 Oroetae
249 1862 341 1899 haec
370 1861 536 1900 dixisse:
574 1862 703 1899 ‘Tune
730 1863 789 1899 vir
816 1876 866 1909 es,
893 1863 958 1912 qui
986 1863 1140 1900 Samum
1172 1863 1334 1901 insulam
1361 1868 1448 1901 tuae

59 1929 314 1979 praefecturae
358 1930 583 1978 proximam,
622 1930 662 1967 in
701 1930 816 1979 Regis
856 1934 1084 1979 potestatem
1120 1943 1197 1967 non
1241 1930 1447 1980 redegisti?

61 2009 178 2046 quum
192 1997 241 2034 sit
256 1997 413 2034 subactu
432 1997 486 2034 ita
499 1997 618 2034 facilis
637 2001 680 2034 ut
691 1997 954 2047 indigenarum
969 1997 1115 2046 aliquis,
1132 2010 1216 2035 cum
1231 1997 1446 2047 quindecim

62 2064 215 2102 armatis
234 2065 442 2113 insurgens,
463 2077 506 2102 ea
532 2065 676 2114 potitus
699 2065 749 2101 sit
776 2069 889 2114 atque
916 2065 1031 2102 etiam
1049 2078 1149 2102 nunc
1167 2065 1207 2102 in
1234 2078 1278 2102 ea
1304 2064 1448 2102 domin-

63 2131 193 2169 eturl'
256 2131 400 2169 Dicunt
427 2133 554 2182 igitur,
583 2132 749 2170 Oroeten
775 2132 835 2169 his
862 2132 1012 2180 auditis,
1039 2145 1149 2182 aegre
1176 2133 1360 2170 ferentem
1387 2145 1449 2169 ex-

62 2198 357 2248 probrationem,
371 2199 556 2248 cupivisse
580 2212 657 2236 non
676 2203 755 2235 tam
773 2198 981 2236 vindictam
996 2212 1127 2248 capere
1145 2199 1193 2236 de
1212 2212 1256 2236 eo
1275 2199 1341 2249 qui
1358 2199 1450 2236 haec

63 2265 136 2303 sibi
166 2265 334 2312 dixisset,
364 2279 478 2315 quam
505 2266 658 2303 omnino
686 2265 925 2314 Polycratem
960 2266 1129 2315 perdere,
1158 2270 1314 2316 propter
1340 2279 1453 2316 quem

63 2332 161 2369 male
179 2334 428 2382 exprobratus
446 2341 555 2370 esset.
