1591 2492
102 93 206 119 PART
226 80 295 132 1v.]
633 82 970 119 ANECDOTES.
1449 94 1496 128 93

102 202 239 244 essent,
260 197 461 247 ipsumque
480 197 720 247 recepissent.
779 197 851 234 His
871 197 982 234 dictis
1002 196 1258 234 Athenienses
1277 201 1496 246 paruerunt.

101 266 238 315 Itaque
265 265 520 302 Themistocle
539 269 703 314 recepto,
724 265 934 314 legatisque
952 265 1152 312 restitutis,
1174 264 1349 302 Athenae
1368 264 1500 301 invitis

103 333 413 372 Lacedaemoniis
432 333 571 370 iterum
591 333 760 370 munitae
781 339 878 371 sunt.

370 455 454 494 lee
471 468 642 506 cozcrage
660 455 713 505 of
724 455 891 506 despair
909 456 946 493 is
966 461 1004 493 to
1024 454 1068 492 be
1077 454 1238 505 feared.

155 540 464 587 263.—Graeci,
493 546 580 591 post
612 554 780 591 pugnam
808 541 857 578 ad
890 540 1093 586 Salamina,
1124 540 1172 578 ad
1206 541 1499 591 Hellespontum

104 609 343 655 contendere,
365 614 404 646 et
422 614 557 659 pontes
577 610 734 656 solvere,
750 623 798 647 ne
817 610 1027 659 effugerent
1041 609 1190 655 Persae,
1208 610 1496 648 constituerunt.

104 676 378 715 Themistocles
398 682 525 715 autem
544 677 656 723 dixit,
676 691 805 727 regem
832 678 886 715 ita
913 678 1178 727 interceptum,
1200 678 1340 715 iterum
1359 692 1499 728 pugna-

105 750 234 782 turum
249 760 260 793 3
288 750 327 783 et
354 746 550 783 horrorem
577 746 772 783 interdum
799 747 942 784 efficere
972 746 1073 796 quod
1102 746 1223 784 virtus
1256 760 1334 784 non
1361 752 1498 797 posset.

105 814 268 851 Interim
299 814 478 851 nuntium
510 813 559 851 ad
590 827 719 863 regem
750 814 866 861 misit,
900 815 966 864 qui
999 828 1086 852 eum
1118 815 1317 852 certiorem
1348 815 1499 862 faceret,

104 886 251 930 pontes,
272 882 346 918 nisi
374 882 476 919 ocius
505 882 714 931 aufugeret,
743 883 910 920 solutum
937 883 994 920 iri.
1051 883 1199 921 Xerxes
1227 883 1345 933 igitur
1372 884 1500 933 fugere

106 949 323 996 maturavit,
346 954 383 986 et
403 949 560 987 victoria
580 963 694 999 penes
714 950 969 988 Athenienses
989 951 1106 989 stetit.

507 1143 775 1179 XX1.—AN
785 1142 1071 1180 ECDOTES.

582 1260 795 1312 Dilzgrence
814 1263 1037 1302 rewarded.

160 1347 578 1387 264.-Antisthenes
611 1348 859 1398 philosophus
889 1349 1044 1387 iuvenes
1081 1351 1262 1388 monebat
1298 1355 1341 1387 ut
1378 1349 1502 1387 verbis

108 1415 185 1452 suis
205 1414 414 1462 studere-nt,
436 1416 501 1453 sed
527 1417 745 1465 paucissimi
764 1431 811 1454 ex
840 1418 885 1454 iis
912 1418 1058 1455 monito
1078 1418 1275 1467 parebant.
1331 1417 1501 1455 Tandem

108 1483 227 1520 iratus
255 1496 386 1520 omnes
414 1497 433 1521 e
462 1489 665 1534 conspectu
693 1485 797 1523 abire
826 1485 948 1522 iussit.
1005 1485 1197 1535 Diogenes
1227 1490 1356 1523 tamen
1384 1485 1503 1534 philo-

108 1550 219 1599 sophi
245 1550 363 1588 verba
399 1551 581 1589 audiendi
619 1565 757 1601 magno
795 1552 923 1589 studio
961 1557 1106 1602 captus,
1141 1552 1189 1589 ad
1227 1566 1314 1590 eum
1351 1552 1501 1602 saepius

107 1616 296 1662 veniebat,
317 1629 439 1666 neque
460 1617 562 1655 abire
588 1618 750 1655 volebat.
809 1618 944 1668 Itaque
972 1619 1223 1656 Antisthenes
1250 1619 1417 1655 minatus
1446 1622 1503 1655 est

108 1696 148 1720 se
176 1688 289 1732 caput
321 1684 400 1721 eius
428 1685 666 1734 pulsaturum
682 1702 692 1733 3
729 1699 921 1736 quumque
949 1687 1118 1733 vidisset,
1149 1687 1361 1737 Diogenem
1389 1686 1502 1724 minis

109 1763 185 1788 non
204 1751 399 1798 exterreri,
419 1751 489 1789 hoc
508 1752 605 1790 fecit.

502 1875 784 1926 Anaxagoras
804 1877 895 1915 and
910 1877 1098 1916 Pericles.

160 1959 570 2010 265.—Anaxagoras
597 1962 846 2012 philosophus
873 1963 1032 2000 illustris
1052 1968 1144 2010 erat,
1164 1975 1242 2000 non
1270 1962 1384 2000 modo
1412 1975 1501 2012 prae

109 2027 243 2077 opibus
275 2032 314 2065 et
344 2041 492 2077 genere,
527 2030 593 2067 sed
625 2031 741 2068 etiam
769 2032 817 2069 ob
849 2032 1020 2069 animum
1054 2033 1274 2081 sapientem.
1332 2031 1391 2069 Ut
1423 2043 1503 2067 sese

109 2094 244 2131 studiis
279 2096 432 2133 omnino
465 2096 632 2143 dederet,
666 2099 795 2136 amicis
828 2112 917 2149 opes
950 2113 1035 2137 suas
1063 2099 1236 2146 tradidit,
1265 2103 1304 2136 et
1331 2099 1504 2136 Athenas

110 2161 216 2199 adiit.
274 2161 356 2208 Quo
376 2163 442 2201 ubi
469 2165 655 2213 pervenit,
685 2167 787 2215 apud
815 2180 902 2204 eum
930 2167 1108 2204 veniebat
1127 2167 1304 2214 Pericles,
1324 2167 1384 2204 vir
1402 2179 1506 2215 prae—

111 2228 230 2266 stanti
243 2227 372 2266 indole
392 2233 430 2266 et
448 2229 592 2267 virtute
611 2230 818 2279 praeditus,
840 2231 1071 2280 pauperibus
1083 2230 1186 2268 idem
1204 2229 1500 2268 liberalissimus.

111 2297 263 2334 Accidit
296 2302 425 2335 tamen
457 2303 511 2344 ut,
543 2298 656 2336 rebus
688 2299 848 2348 publicis
881 2312 1109 2349 magnopere
1142 2299 1309 2345 studens,
1340 2299 1504 2336 Pericles

110 2365 363 2415 Anaxagorae
392 2366 563 2404 oblivisci
591 2366 795 2404 videretur.
855 2367 964 2414 Quod
994 2368 1199 2418 aegerrime
1227 2368 1353 2406 ferens
1375 2380 1501 2407 senex.
