1591 2492
76 101 178 127 PART
197 90 239 142 1.]
599 95 929 132 ANECDOTES.
1430 110 1450 143 9

75 203 122 240 ab
157 203 453 241 Atheniensibus
489 208 631 252 captus,
668 205 706 241 in
743 206 903 243 vinculis
947 206 1099 243 Sestum
1142 205 1274 242 iteruin
1316 206 1450 244 ductus

74 274 139 308 est.

577 376 613 413 A
640 382 808 426 strange
826 383 944 426 story.

124 475 399 512 82.—Dicitur
418 475 492 512 tale
512 475 725 524 prodigium
745 475 921 513 accidisse
939 476 1006 512 uni
1034 489 1053 513 e
1082 476 1311 522 custodibus,
1332 477 1449 526 pisces

71 540 147 577 sale
166 541 337 579 conditos
356 543 542 591 coquenti.
590 543 715 579 Pisces
735 542 773 578 in
792 543 877 591 igne
897 543 1060 580 iacentes
1074 543 1215 580 insilire
1231 544 1450 593 inceperunt

72 609 177 656 quasi
204 609 417 657 nuperrime
446 609 554 658 capti.
629 609 918 658 Obstupuerunt
953 623 1104 647 omnes:
1147 610 1211 647 sed
1237 611 1449 660 Artayctes,

71 675 150 712 viso
177 676 361 725 prodigio,
389 677 535 713 homini
562 677 685 714 dixit:
714 676 886 725 ‘Hospes
913 676 1169 723 Atheniensis,
1198 690 1245 714 ne
1272 678 1342 715 hoc
1368 692 1450 727 pro-

70 741 214 790 digium
245 744 387 780 veritus
422 744 483 790 sis,
516 757 592 781 non
625 744 726 780 enim
757 744 829 781 tibi
860 744 1030 781 oblatum
1062 748 1128 781 est.
1195 744 1278 782 Hoc
1310 745 1357 782 ad
1389 759 1449 782 me

70 810 243 857 pertinet.
300 811 528 848 Protesilaus
547 811 626 860 ipse
646 811 685 847 in
712 811 771 848 his
798 811 962 860 piscibus
980 816 1059 848 est:
1087 811 1182 848 mihi
1201 812 1315 848 etiam
1334 812 1449 850 dixit:

72 880 92 896 “
109 877 175 923 Te,
209 891 230 914 o
263 878 459 926 Artaycta,
493 879 626 927 punire
657 891 809 927 possum
843 879 890 915 ob
923 878 1067 915 ablatas
1099 878 1285 916 divitias.”
1339 879 1450 916 Nunc

70 944 187 993 igitur
206 945 239 982 ei
258 945 411 983 divitias
429 947 627 984 restituere
646 947 732 984 volo
748 961 754 983 ε
783 959 851 995 pro
870 946 1037 995 pecuniis
1056 959 1075 983 e
1095 946 1236 995 templo
1252 946 1449 983 Protesilai

69 1012 238 1058 sublatis,
268 1018 418 1050 centum
450 1014 594 1051 talenta
625 1013 746 1051 dabo:
783 1026 851 1062 pro
882 1026 943 1050 me
974 1018 1013 1050 et
1045 1013 1132 1050 filiis
1164 1013 1257 1051 meis
1289 1013 1450 1051 ducenta

71 1079 215 1116 talenta
234 1080 530 1118 Atheniensibus
550 1081 715 1119 solvam.'

518 1233 599 1271 Tlae
608 1233 704 1282 sate
723 1233 775 1282 of
787 1233 1013 1281 Arlayctes.

119 1333 304 1371 33.—Ne
336 1334 406 1370 hoc
438 1334 591 1382 quidem
620 1333 732 1370 modo
765 1333 997 1382 Xanthippo,
1028 1333 1320 1369 Atheniensium
1350 1332 1445 1376 duci,

69 1400 225 1437 suadere
245 1401 393 1449 potuit:
422 1401 616 1438 instabant
634 1402 735 1438 enim
754 1401 971 1438 Elaeuntini
998 1400 1187 1437 dicentes:
1218 1404 1227 1420 ‘
1242 1399 1449 1436 Interficito

69 1467 319 1517 Artaycten3’
348 1473 386 1505 et
404 1469 612 1505 interficere
631 1482 717 1505 eum
735 1468 889 1506 volebat
908 1468 986 1517 ipse
1005 1467 1261 1516 Xanthippus.
1317 1466 1450 1514 Itaque

69 1536 167 1573 cruci
199 1536 395 1585 alligatum
428 1537 627 1573 sublimem
659 1536 850 1583 extulere;
889 1540 927 1572 et
963 1536 1062 1572 filius
1094 1535 1173 1572 eius
1205 1540 1293 1571 ante
1325 1533 1451 1570 oculos

68 1603 258 1653 lapidibus
286 1617 485 1653 oppressus
512 1605 634 1653 periit.
690 1604 773 1640 Tali
800 1603 913 1640 modo
941 1603 1141 1639 Protesilai
1169 1602 1273 1639 dirae
1302 1601 1451 1638 ultrices

69 1671 278 1720 Artaycten
297 1671 513 1721 punierunt.

510 1872 725 1907 IX.—-AN
735 1871 1021 1907 ECDOTES.

559 1970 767 2020 Conlempt
785 1970 954 2019 ospaz‘n.

123 2074 368 2114 34.—Pueri
405 2072 583 2122 Spartani
609 2084 686 2108 non
712 2075 869 2120 gemunt
896 2070 1052 2119 flagellis
1079 2069 1241 2106 lacerati.
1298 2067 1454 2104 Adoles-

73 2148 198 2179 centes
218 2142 374 2191 Spartae
406 2140 602 2178 decertant
634 2138 820 2184 manibus,
850 2138 1021 2186 pedibus,
1050 2137 1250 2186 unguibus,
1277 2134 1453 2172 dentibus

73 2208 246 2257 denique,
264 2208 486 2257 maluntque
504 2207 676 2253 interfici,
696 2219 810 2255 quam
828 2205 938 2242 vinci.
993 2205 1093 2241 Puer
1112 2204 1226 2241 etiam
1245 2203 1453 2251 Spartanus

74 2276 212 2314 dicitur
229 2276 269 2313 in
288 2277 371 2313 sinu
390 2275 509 2312 vestis
527 2275 680 2323 vulpem
698 2273 846 2319 celasse,
866 2278 905 2309 et
931 2272 1073 2309 bestiae
1101 2271 1278 2308 dentibus
1300 2274 1455 2306 necatus

75 2357 165 2390 esse,
193 2357 261 2381 nec
287 2343 470 2391 gemitum
498 2342 682 2379 edidisse:
719 2340 952 2389 praeclarum
980 2340 1080 2376 enim
1117 2338 1218 2387 apud
1248 2337 1456 2386 Spartanos
