1591 2492
84 55 272 107 PART1v.]
372 56 711 93 EXPEDITION
742 56 810 93 OF
838 55 1177 93 CLEOMENES.
1427 66 1470 102 73

81 172 313 210 mentionem
331 171 520 209 facientes.
576 170 744 208 Favente
764 175 891 208 autem
910 170 966 207 illi
985 171 1079 207 adeo
1106 170 1257 220 populo,
1278 176 1321 208 ut
1341 171 1474 220 capitis

81 238 237 278 crimine
263 253 350 277 eum
376 239 599 286 absolveret,
619 243 747 277 tamen
774 244 930 289 propter
957 238 1139 276 damnum
1162 238 1308 276 civitati
1326 239 1475 276 illatum

80 307 297 357 quingentis
315 306 468 344 talentis
495 306 686 354 multaret,
706 306 902 344 Miltiades
925 306 1078 356 quidem
1106 306 1208 343 haud
1236 306 1356 344 multo
1376 311 1472 356 post,

81 374 177 412 carie
214 374 354 411 ossium
391 378 566 423 corrupto
594 373 745 420 femore,
783 378 955 411 mortuus
992 378 1049 410 est
1062 387 1072 420 5
1105 373 1312 423 quingenta
1348 379 1474 412 autem

81 441 145 479 illa
163 442 308 479 talenta
325 441 424 479 filius
444 442 523 479 eius
542 441 678 479 Cimon
697 441 820 479 solvit.

197 651 823 689 XVIII.—EXPEDITION
863 651 942 688 OF
982 650 1359 689 CLEOMENES

524 725 794 763 AGAINST
823 725 1041 763 ARGOS.

506 827 544 864 A
570 825 862 864 subterraneam
883 833 1046 867 stream.

132 913 501 959 209.—Cleomeni,
531 912 717 962 Spartano
754 912 834 962 regi
866 912 1095 962 Delphicum
1124 913 1317 951 oraculum
1346 927 1475 952 consu-

80 981 186 1027 lenti,
202 980 395 1018 redditum
415 984 496 1017 erat
514 993 748 1030 responsum,
770 983 779 1000 ‘
792 985 991 1029 capturum
1010 980 1118 1018 illum
1137 981 1284 1031 Argos.’
1339 982 1474 1032 Itaque

80 1049 119 1085 in
137 1048 368 1098 Argivorum
391 1049 484 1085 fines
512 1061 597 1085 cum
616 1048 785 1085 exercitu
813 1047 1003 1097 profectus
1023 1054 1089 1086 est.
1146 1049 1356 1099 Postquam
1383 1063 1473 1087 vero

81 1116 128 1154 ad
146 1116 304 1154 fluvium
328 1116 502 1166 pervenit
529 1116 742 1163 Erasinum,
772 1129 884 1166 quem
912 1116 1020 1154 aiunt
1046 1130 1095 1154 ex
1123 1117 1362 1167 Stymphalio
1391 1118 1474 1156 lacu

80 1184 252 1222 effluere:
294 1184 443 1231 (dicunt
470 1184 583 1231 enim,
611 1184 711 1221 hunc
738 1184 874 1231 lacum,
902 1189 1104 1234 postquam
1127 1185 1166 1222 in
1195 1199 1342 1223 caecam
1370 1200 1462 1224 vora

79 1252 207 1302 ginem
226 1265 264 1290 se
284 1252 479 1299 infuderit,
498 1265 627 1290 rursus
655 1266 835 1302 apparere
854 1253 894 1290 in
921 1253 1116 1303 Argolide,
1145 1259 1184 1291 et
1211 1254 1349 1292 exinde
1377 1255 1473 1292 hanc

79 1333 215 1369 aquam
234 1321 360 1357 vocari
382 1320 584 1358 Erasinum
603 1321 651 1358 ab
678 1321 874 1371 Argivis);
901 1321 1045 1359 hostias
1073 1322 1220 1360 flumini
1248 1322 1469 1361 immolavit.

79 1387 204 1435 Quum
222 1401 312 1426 vero
337 1389 436 1426 extis
463 1394 748 1437 monstraretur,
771 1389 959 1427 infelicem
985 1390 1065 1428 fore
1084 1391 1299 1438 transitum,
1319 1391 1472 1429 laudare

79 1468 117 1492 se
144 1456 199 1493 ait
226 1456 377 1503 flumen,
398 1456 500 1506 quod
520 1457 619 1495 cives
648 1470 724 1495 non
743 1457 922 1507 proderet
941 1471 1027 1495 suos
1040 1472 1050 1506 3
1079 1458 1144 1496 sed
1172 1472 1219 1496 ne
1248 1459 1299 1497 sic
1319 1459 1473 1508 quidem

78 1523 200 1560 salvos
219 1536 394 1561 evasuros
412 1524 586 1574 Argivos.

501 1682 584 1721 The
603 1682 791 1722 invasion
814 1683 868 1734 of
878 1684 1061 1734 Argolis.

129 1769 382 1808 210.-P0st
400 1769 492 1806 haec
510 1775 773 1819 retrogressus,
789 1775 827 1807 et
846 1775 954 1807 tauro
973 1771 1069 1808 mari
1088 1771 1295 1819 immolato,
1311 1774 1472 1811 navibus

78 1837 190 1874 duxit
217 1837 426 1874 exercitum
453 1837 492 1873 in
519 1837 751 1887 Argivorum
783 1838 886 1876 fines.
944 1838 1027 1885 Qua
1053 1852 1094 1876 re
1119 1840 1280 1889 cognita,
1302 1841 1349 1878 ad
1369 1855 1471 1879 mare

77 1909 282 1954 properant
300 1905 447 1954 Argivi,
468 1918 578 1954 opem
597 1905 672 1942 suis
698 1905 824 1943 laturi.
880 1905 978 1943 Tum
998 1911 1119 1944 castra
1139 1908 1269 1946 castris
1289 1909 1472 1947 Lacedae-

78 1973 302 2019 moniorum,
334 1972 437 2010 haud
470 1986 606 2023 magno
640 1973 762 2023 spatio
794 1973 834 2010 in
865 1973 991 2011 medio
1023 1975 1166 2022 relicto,
1200 1983 1466 2026 opposuerunt.

78 2041 137 2078 Ibi
156 2054 322 2090 pugnam
341 2054 389 2078 ex
413 2046 543 2090 aperto
571 2054 648 2078 non
675 2042 915 2088 verebantur,
945 2043 1010 2079 sed
1038 2056 1085 2080 ne
1113 2043 1200 2081 dolo
1226 2053 1469 2095 caperentur,-

77 2109 218 2157 Pythia
236 2109 337 2146 enim
357 2109 548 2147 oraculum
568 2108 739 2146 ediderat
757 2109 816 2147 his
834 2110 960 2148 verbis
977 2126 983 2148 :

305 2192 429 2226 Vemm,
447 2191 569 2229 quando
584 2200 697 2220 marem
712 2193 884 2229 praevertet
899 2192 1012 2221 femina
1026 2194 1145 2230 victm'x‚

303 2237 390 2265 Inter
403 2240 433 2265 et
448 2238 576 2274 Argivos
590 2238 700 2266 referet
714 2238 894 2274 praelustris
908 2238 1053 2268 honorem
1064 2249 1072 2275 ;

304 2282 389 2311 Tunc
403 2284 585 2320 Argivarum
599 2283 707 2312 reddet
719 2283 881 2321 plerasque
895 2287 1050 2321 gementes
1063 2295 1069 2320 ;

306 2327 431 2357 Occidet
445 2330 475 2357 et
489 2328 560 2357 telis
575 2329 698 2358 sinuoso
713 2337 837 2367 corpore
853 2338 983 2368 serpens.
