1591 2492
39 91 140 118 PART
160 79 227 131 1v.]
320 81 434 118 THE
463 82 620 118 FIRST
649 82 909 119 INVASION
940 83 1009 120 OF
1038 78 1265 122 EUROPE.
1377 97 1424 131 49

39 197 164 232 autem
200 194 344 242 Persas,
378 194 409 231 si
445 194 632 244 sapientes
668 198 802 243 essent,
837 208 945 244 posse
982 208 1211 246 cognoscere,
1247 197 1424 246 quidnam

38 264 111 301 ista
129 263 228 301 dona
246 263 522 314 significarent.'

257 381 597 431 Interpretatz'ons
616 380 669 431 of
682 380 746 420 tlte
765 380 962 431 meaning
977 380 1029 430 of
1041 379 1107 419 tlze
1117 380 1242 431 gists.

92 467 387 508 146.—Darius
399 466 553 516 quidem
564 466 734 516 putabat,
757 466 934 514 ‘Scythas
948 478 1027 503 sese
1040 469 1078 502 et
1090 470 1230 502 terram
1243 469 1280 502 et
1293 477 1426 515 aquam

38 535 210 574 tradere:
239 534 340 584 quod
365 547 449 572 mus
477 534 516 571 in
544 540 645 571 terra
672 533 828 581 viveret,
859 546 952 571 rana
978 533 1019 570 in
1046 533 1162 582 aquis,
1194 533 1274 571 avis
1302 538 1428 570 autem

39 602 170 640 similis
198 606 296 639 esset
328 614 446 650 equo:
484 601 646 650 denique
677 600 754 638 tela
785 600 946 648 tradere,
975 604 1158 650 tanquam
1190 613 1296 638 suam
1326 600 1429 638 forti-

38 669 232 708 tudinem.'
286 669 448 707 Gobrias
467 674 603 716 autem,
625 682 722 706 unus
741 682 761 706 e
789 669 1027 718 septemviris
1047 669 1111 718 qui
1128 669 1263 719 Magos
1283 681 1430 718 oppres-

39 742 175 784 serant,
205 737 366 786 putabat
394 736 494 774 dona
520 737 612 774 haec
640 737 871 786 significare:
914 736 1022 774 ‘Nisi
1053 750 1141 774 aves
1172 736 1262 774 facti
1293 737 1430 774 Persae

39 805 242 853 evolarent,
263 811 329 842 aut
355 805 396 842 in
422 817 547 842 mures
576 805 746 842 conversi
773 809 914 842 terram
942 805 1123 852 subirent,
1153 809 1219 842 aut
1245 810 1289 841 ut
1315 817 1427 842 ranae

39 872 79 909 in
97 872 254 921 paludes
272 866 470 919 insilirent,
492 871 641 921 sagittis
659 871 901 909 interfectum
920 871 988 910 iri.'

524 989 607 1028 lee
629 989 827 1040 Scythiam
848 990 994 1029 tactics.

95 1076 414 1125 147.-Scythae
426 1089 526 1124 vero,
542 1075 672 1113 audito
686 1075 878 1113 servitutis
891 1075 1054 1123 nomine,
1067 1075 1163 1113 iram
1174 1088 1251 1113 non
1263 1079 1427 1114 tenuere.

41 1144 207 1182 Nuntios
238 1144 423 1181 miserunt
454 1143 503 1180 ad
534 1143 688 1190 Istrum,
728 1143 863 1192 quibus
898 1143 1181 1193 imperaverunt
1211 1148 1255 1181 ut
1289 1144 1330 1181 in
1361 1143 1432 1181 col-

40 1213 211 1263 loquium
241 1213 415 1250 venirent
451 1212 618 1259 Ionibus,
653 1212 718 1261 qui
753 1216 910 1261 pontem
942 1212 1185 1250 custodirent.
1241 1212 1432 1250 Constitu-

42 1285 155 1319 erunt
186 1285 312 1318 autem
353 1280 400 1317 de
432 1280 636 1329 improviso
673 1279 858 1328 impetum
895 1280 935 1316 in
971 1280 1105 1317 Persas
1144 1280 1274 1328 facere,
1315 1293 1432 1329 quum

43 1349 167 1386 cibum
199 1353 384 1398 caperent.
440 1348 643 1397 Equitatus
677 1347 830 1396 quidem
858 1360 1004 1396 semper
1035 1347 1075 1384 in
1103 1347 1232 1397 fugam
1259 1348 1432 1386 vertebat

42 1416 253 1466 equitatum
280 1416 503 1454 Persarum:
536 1421 618 1452 tum
649 1415 875 1452 recedebant
912 1415 1085 1464 Scythae,
1115 1416 1328 1465 peditatum
1359 1429 1434 1453 me-

42 1488 202 1522 tuentes.
259 1483 408 1521 Similes
426 1496 515 1520 vero
535 1483 699 1532 impetus
718 1488 832 1520 noctu
852 1483 1015 1532 Scythae
1034 1483 1232 1522 faciebant.

445 1600 527 1639 The
546 1601 662 1639 allz'es
682 1601 734 1651 of
748 1600 812 1638 tlze
830 1601 1041 1639 Pera-iaus.

98 1685 349 1725 148.—E1·at
368 1690 458 1722 tunc
478 1686 602 1723 Persis
622 1686 737 1733 utiliS,
754 1686 904 1734 Scythis
917 1699 1006 1723 vero
1026 1686 1167 1736 iniqua,
1181 1699 1240 1724 res
1255 1687 1358 1724 dictu
1373 1687 1435 1725 ad-

43 1753 200 1791 modum
211 1753 307 1790 mira
325 1769 332 1791 :
359 1766 495 1803 nempe
510 1766 587 1790 vox
601 1753 802 1801 asinorum,
822 1758 860 1790 et
871 1753 1061 1791 mulorum
1075 1754 1225 1803 species.
1281 1755 1435 1792 Etenim

43 1835 112 1859 nec
131 1821 279 1859 asinum
297 1834 365 1858 nec
383 1821 529 1858 mulum
548 1821 622 1858 fert
641 1821 819 1870 Scythica
836 1826 946 1859 terra.
1004 1822 1139 1871 Itaque
1153 1835 1230 1859 vox
1244 1823 1434 1860 asinorum

44 1897 83 1927 et
109 1889 300 1927 mulorum
328 1889 467 1939 species
495 1889 696 1927 territabat
733 1889 960 1938 Scytharum
997 1890 1218 1939 equitatum.
1275 1890 1435 1929 Constat

45 1960 182 2004 autem,
221 1970 338 2006 quum
373 1957 414 1994 in
453 1957 587 1994 Persas
631 1958 816 2007 impetum
860 1958 1036 2005 facerent,
1079 1971 1194 2007 equos
1239 1958 1435 1996 audientes

0 2060 3 2062 .
46 2024 236 2062 asinorum
276 2037 419 2073 vocem,
466 2030 505 2062 et
548 2024 670 2062 mulos
715 2024 897 2073 videntes,
945 2039 1054 2075 saepe
1099 2026 1138 2062 in
1183 2025 1312 2076 fugam
1356 2038 1435 2063 sese

45 2092 236 2142 recepisse.

155 2196 159 2198 ,
212 2210 296 2249 Tlce
317 2209 540 2261 Scythiam
560 2217 719 2262 iamper
738 2211 842 2250 wz'tlz
863 2211 928 2250 tlze
946 2211 1095 2251 Ionian
1121 2211 1279 2250 Greeks.

103 2295 363 2335 149.--Dum
389 2296 481 2333 haec
509 2301 702 2344 geruntur,
724 2296 850 2333 nuntii
878 2296 1106 2345 Scytharum
1125 2297 1173 2334 ad
1192 2297 1336 2334 Istrum
1357 2310 1437 2346 per-

0 2383 3 2405 ;
49 2362 219 2410 veniunt,
233 2366 272 2399 et
283 2362 503 2399 custodibus
515 2363 642 2411 pontis
654 2363 707 2400 ita
719 2363 916 2401 dixerunt:
933 2363 1088 2401 ‘Venire
1102 2377 1151 2411 se,
1165 2370 1209 2401 ut
1220 2365 1435 2402 libertatem

0 2451 19 2492 iffi.

728 2440 755 2466 D
