1591 2492
73 72 175 98 PART
194 61 264 113 1v.J
461 63 578 100 THE
605 58 762 101 SIEGE
791 64 860 101 OF
889 65 1078 102 BARCA.
1419 73 1466 110 47

68 177 215 215 occulto
248 182 377 227 ponte,
410 178 450 215 in
477 179 612 216 urbem
640 179 847 217 irruebant.
903 180 1042 217 Persae
1075 184 1204 217 autem
1235 179 1305 217 hac
1339 193 1467 217 caussa

68 249 237 294 pontem,
267 258 380 295 quem
407 246 587 293 fecerant,
616 252 813 297 ruperunt,
842 252 886 285 ut
913 252 1061 285 starent
1087 247 1344 294 iureiurando,
1365 247 1467 297 quod

68 314 239 352 fecerant
274 328 360 353 cum
396 316 583 364 Barcaeis,
620 317 792 354 ‘tamdiu
829 322 956 355 ratum
991 317 1073 354 fore
1105 317 1250 363 foedus,
1284 316 1465 366 quamdiu

67 387 170 420 terra
196 388 368 421 maneret
395 384 528 422 firma!
582 384 712 434 Rupto
736 390 865 423 autem
892 389 1022 436 ponte,
1042 398 1119 423 non
1148 385 1312 435 amplius
1343 385 1469 419 ratum

84 450 200 488 oedus
218 451 408 491 manebat.

502 614 1031 651 111.—ANECDOTES.

574 746 613 784 A
639 752 735 784 mat
753 745 1016 796 complimenl.

124 855 416 893 l4l.—Darius
437 855 620 893 exercitui
639 856 822 904 praefecit
841 855 1104 905 Megabazum,
1126 854 1252 893 virum
1280 855 1435 893 Persam
1452 868 1462 893 z

69 935 182 971 quem
194 936 422 973 magnopere
434 923 698 970 honoraverat,
707 924 778 961 hoc
791 924 830 961 in
844 937 930 961 eum
943 924 1059 962 verbo
1069 937 1194 961 coram
1207 924 1333 962 Persis
1345 923 1458 961 dicto.

67 990 172 1028 Mala
190 991 328 1041 punica
355 991 551 1030 comedere
579 992 776 1042 cupiverat
794 992 933 1030 Darius
952 1008 959 1030 :
988 993 1053 1042 qui
1073 997 1277 1042 postquam
1296 993 1462 1043 primum

67 1059 215 1108 aperuit
233 1060 386 1107 malum,
410 1060 598 1110 quaesivit
618 1074 666 1098 ex
686 1074 729 1098 eo
748 1060 868 1098 frater
887 1060 1118 1107 Artabanus,
1138 1065 1146 1081 ‘
1160 1061 1344 1110 quidnam
1364 1065 1463 1099 esset

66 1128 171 1166 cuius
199 1133 351 1166 tantum
379 1130 450 1167 sibi
469 1143 672 1167 numerum
700 1142 779 1167 esse
809 1135 973 1178 cuperet,
996 1134 1163 1179 quantus
1182 1143 1364 1168 numerus
1382 1143 1463 1180 gra»

65 1210 203 1235 norum
230 1198 271 1235 in
299 1198 398 1235 malo
428 1198 569 1236 esset‘l'
624 1198 696 1236 Cui
724 1198 864 1235 Darius
896 1198 1118 1248 respondit:
1175 1199 1307 1236 ‘Velle
1335 1212 1374 1237 se
1403 1203 1463 1236 tot

65 1265 292 1315 Megabazos
306 1266 445 1304 habere
459 1282 469 1315 3
488 1267 559 1305 hoc
575 1267 677 1305 enim
691 1266 814 1315 malle,
832 1280 947 1316 quam
963 1267 1162 1305 Graeciam
1177 1280 1265 1306 suae
1279 1267 1461 1318 potestati

67 1334 301 1372 subiectam)

600 1420 637 1458 T
634 1419 684 1459 lle
697 1420 801 1471 gold
818 1421 943 1459 trade.

121 1527 449 1566 142.——Narrant
462 1526 797 1577 Carthaginienses
810 1538 890 1564 esse
902 1525 1027 1564 locum
1041 1526 1187 1576 Libyae
1200 1530 1311 1563 extra
1322 1525 1463 1563 Hercu-

68 1595 146 1634 leas
163 1594 368 1641 columnas,
385 1594 636 1644 hominesque
656 1594 710 1632 ibi
730 1594 951 1632 habitantes
967 1609 974 1632 :
996 1606 1091 1643 quos
1106 1593 1260 1643 quando
1278 1593 1350 1642 ipsi
1365 1605 1462 1631 mer-

69 1663 179 1702 candi
198 1676 328 1701 caussa
346 1662 497 1709 adeant,
521 1662 714 1712 expositas
735 1675 755 1699 e
774 1662 864 1700 navi
892 1674 1036 1699 merces
1055 1661 1096 1698 in
1115 1661 1198 1710 ipso
1217 1660 1334 1698 maris
1352 1660 1463 1699 litore

69 1745 92 1770 a
109 1744 148 1769 se
166 1731 339 1780 disponi:
359 1735 452 1768 tunc
473 1742 522 1776 se,
545 1729 758 1768 conscensis
778 1742 908 1767 rursus
928 1729 1102 1775 navibus,
1121 1729 1288 1767 excitare
1301 1728 1459 1767 fumum.

70 1799 285 1849 Indigenas,
316 1803 518 1848 conspecto
546 1797 663 1844 fumo,
695 1797 873 1835 accedere
902 1797 951 1835 ad
978 1810 1093 1843 mare,
1124 1802 1164 1834 et
1190 1796 1364 1846 deposito
1394 1809 1465 1846 pro

71 1867 257 1905 mercibus
278 1878 369 1904 auro
389 1878 519 1903 rursus
533 1865 665 1915 procul
686 1878 707 1903 a
721 1865 833 1903 litore
853 1864 1057 1903 discedere.
1108 1864 1207 1902 Tum
1228 1864 1465 1914 Carthagini-

71 1948 178 1974 enses
195 1934 358 1973 navibus
381 1946 562 1984 egressos,
582 1946 665 1972 rem
692 1933 877 1984 inspicere
891 1948 901 1981 3
930 1938 969 1971 et
997 1933 1029 1970 si
1057 1932 1149 1970 satis
1177 1944 1356 1982 magnam
1383 1933 1462 1970 auri

72 2003 218 2054 copiam
235 2002 459 2053 repererint,
480 2001 607 2039 ablato
628 2014 719 2039 auro
739 2001 865 2040 abire:
896 2001 955 2039 sin
973 2001 1111 2047 minus,
1134 2000 1259 2039 redire
1278 2000 1318 2037 in
1336 2013 1460 2047 naves,

73 2071 192 2111 donec
210 2072 302 2110 satis
321 2070 403 2109 auri
421 2074 616 2120 repertum
637 2069 697 2108 sit.

466 2163 539 2203 An
559 2163 643 2203 odd
661 2164 820 2214 remedy
831 2162 911 2213 for
929 2176 956 2202 a
976 2162 1072 2202 cold.

129 2269 451 2310 143.—Narrant
463 2267 658 2306 Nomadas
675 2266 820 2316 Libyae
835 2279 907 2304 noc
921 2265 1054 2303 facere.
1095 2265 1221 2312 Quum
1236 2264 1344 2315 pueri
1356 2276 1464 2314 quar-

76 2344 160 2377 tum
179 2351 321 2377 annum
340 2336 636 2386 compleverunt,
660 2339 752 2373 tunc
770 2335 847 2373 illis
867 2347 985 2372 venas
1003 2334 1044 2372 in
1063 2333 1205 2372 vertice
1225 2332 1359 2383 capitis
1377 2332 1465 2371 lana
