1591 2492
135 106 186 150 84
533 105 664 141 EASY
695 105 862 140 LATIN
891 104 1125 141 STORIES.
1289 115 1292 120 ·
1334 102 1453 153 [PART
1473 115 1522 141 1v.

318 272 576 311 Demaratus
595 271 782 322 explains
803 270 868 309 tlte
884 271 1053 309 conduct
1065 270 1120 321 of
1132 270 1196 309 tlze
1219 270 1376 310 Greeks.

186 350 494 397 239.—Quibus
513 349 664 396 auditis,
686 349 832 386 Xerxes
860 348 909 386 ad
937 361 976 385 se
1003 348 1263 394 Demaratum,
1292 348 1524 398 transfugam

132 432 181 456 ex
208 418 416 467 SpartaniS‚
436 417 598 463 vocavit,
628 429 850 466 cognoscere
878 429 926 453 ex
953 429 996 452 eo
1026 416 1178 465 cupiens
1197 415 1289 465 quid
1309 420 1407 453 esset
1426 416 1525 465 quod

132 486 298 523 facerent
325 484 513 534 Spartani.
588 483 660 521 Cui
705 483 944 529 Demaratus,
984 483 1160 520 ‘Adsunt
1187 483 1227 520 hi
1258 483 1354 530 viri,'
1391 484 1526 532 inquit,

135 558 144 574 ‘
156 554 353 591 nobiscum
372 552 579 603 pugnaturi
598 557 640 589 ut
668 551 879 601 impediant
898 551 1099 600 quominus
1118 551 1313 597 intremus,
1334 555 1372 588 et
1391 550 1439 588 ad
1458 551 1528 588 hoc

134 635 172 660 se
191 625 421 671 comparant.
489 620 562 657 Hic
582 619 683 656 enim
711 619 811 668 apud
831 619 915 655 illos
934 632 1016 655 mos
1044 623 1122 655 est:
1151 618 1302 667 quando
1321 619 1528 668 periculum

133 689 273 727 adituri
292 693 392 734 sunt,
412 692 503 724 tunc
531 687 655 736 capita
682 690 846 724 comunt.
903 686 945 723 Si
972 686 1094 732 hosce,
1124 691 1164 740 et·
1187 699 1250 723 eos
1278 686 1342 735 qui
1371 686 1528 735 Spartae

133 761 301 803 manent,
322 755 535 804 subegeris:
555 754 681 791 nullus
697 754 792 791 alius
806 754 1004 790 hominum
1018 753 1179 802 populus
1191 758 1259 800 est,
1273 754 1338 802 qui
1349 752 1528 790 adversus

133 830 183 871 te,
203 824 299 869 Rex,
319 835 453 860 manus
472 822 605 859 tollere
625 821 772 858 audeat.
829 820 941 857 Nunc
961 821 1061 857 enim
1087 833 1171 857 cum
1189 833 1305 869 regno
1333 824 1372 856 et
1389 820 1529 869 populo

133 894 233 930 inter
260 891 423 928 Graecos
451 889 749 939 praeclarissimo
786 888 857 924 tibi
885 888 1133 937 pugnandum
1171 894 1228 924 est
1258 893 1297 924 et
1325 900 1408 924 cum
1437 887 1528 924 viris

136 959 374 998 fortissimis.’

450 1076 500 1114 X
499 1089 611 1114 emes
631 1082 824 1126 altempts
844 1082 882 1114 to
902 1089 1023 1126 carry
1045 1076 1110 1114 tlze
1124 1083 1235 1126 pass.

184 1178 458 1220 240.—-Haec
477 1178 624 1215 locutus
643 1177 871 1215 Demaratus
892 1177 1013 1214 Xerxi
1040 1190 1116 1214 non
1144 1176 1339 1226 persuasit.
1396 1176 1530 1226 Itaque

135 1254 298 1299 quatuor
323 1261 393 1285 rex
411 1247 616 1284 intermisit
635 1246 727 1292 dies,
748 1259 901 1295 sperans
929 1245 1092 1283 Graecos
1120 1245 1209 1294 fuga
1237 1258 1275 1282 se
1302 1248 1527 1293 recepturos.

135 1318 276 1364 Quinto
295 1329 384 1353 vero
404 1315 466 1352 die
485 1315 603 1351 iratus
628 1313 763 1350 Medos
789 1312 969 1350 adversus
988 1312 1072 1349 illos
1091 1312 1206 1358 misit,
1228 1312 1318 1349 dato
1336 1312 1529 1358 mandato,

136 1390 179 1422 ut
198 1385 304 1421 vivos
324 1387 500 1432 caperent
518 1387 557 1419 et
575 1381 615 1418 in
634 1385 876 1430 conspectum
895 1393 1005 1417 suum
1024 1379 1264 1417 adducerent.
1307 1379 1365 1416 Ut
1383 1392 1472 1416 vero
1491 1379 1529 1417 in

135 1454 298 1492 Graecos
317 1452 502 1501 impetum
521 1451 653 1496 fecere,
673 1450 785 1486 multi
804 1463 852 1486 ex
879 1449 924 1486 iis
944 1448 1160 1486 ceciderunt
1179 1463 1186 1485 ε
1215 1448 1352 1497 quibus
1371 1447 1435 1485 alii
1454 1460 1531 1485 suc-

137 1534 299 1559 cessere:
341 1520 401 1556 his
437 1519 569 1556 eadem
606 1517 730 1555 clades
759 1517 854 1555 fuit:
896 1521 934 1554 et
970 1516 1213 1553 manifestum
1254 1520 1335 1553 erat
1364 1515 1530 1561 cuilibet,

137 1589 302 1626 maxime
321 1600 410 1624 vero
438 1586 519 1635 regi
546 1586 628 1634 ipsi,
649 1585 790 1622 multos
818 1584 971 1634 quidem
998 1584 1170 1621 homines
1189 1596 1280 1630 esse,
1301 1583 1366 1620 sed
1393 1595 1531 1632 paucos

137 1657 247 1693 viros.
294 1654 366 1691 His
385 1654 522 1691 Persae
551 1665 757 1689 successere
777 1665 870 1700 quos
889 1651 1127 1688 Immortales
1146 1664 1214 1688 rex
1232 1651 1402 1688 vocabat.
1458 1650 1532 1697 Qui

137 1723 318 1761 consertis
353 1721 528 1759 manibus
564 1719 724 1757 eandem
751 1720 916 1756 habuere
945 1724 1085 1755 sortem
1100 1733 1110 1765 3
1147 1731 1236 1755 nam
1272 1718 1311 1754 in
1348 1718 1531 1767 angustiis

136 1791 359 1841 pugnabant
385 1789 451 1826 ubi
487 1788 668 1837 explicari
695 1786 902 1824 multitudo
935 1798 1011 1823 non
1044 1789 1205 1834 poterat,
1237 1790 1275 1822 ct
1306 1785 1424 1822 hastis
1452 1786 1530 1823 bre-

137 1858 304 1896 vioribus
324 1869 436 1906 quam
456 1855 686 1893 Graecorum
705 1854 920 1891 utebantur.

571 1975 747 2026 Repulse
765 1976 817 2025 of
830 1974 896 2013 tlae
916 1973 1121 2013 invaders.

188 2063 559 2112 ,ML—Postquam
585 2074 675 2099 vero
703 2060 807 2097 nullo
835 2059 948 2096 modo
976 2059 1125 2096 vincere
1153 2059 1289 2096 Persae
1312 2062 1529 2107 potuerunt,

137 2136 328 2181 postremo
342 2131 547 2180 hi‘quoque
561 2128 782 2178 retrogressi
797 2132 895 2165 sunt.
949 2127 1128 2176 Spartani
1143 2139 1230 2164 vero
1245 2126 1530 2176 praeclarivfacti

139 2203 227 2236 sunt
241 2212 285 2236 ea
298 2211 426 2247 pugna
441 2213 448 2235 :
476 2210 565 2234 nam
580 2201 618 2234 et
633 2195 715 2233 aliis
729 2195 842 2232 rebus
857 2194 1106 2232 ostenderunt
1119 2193 1261 2243 peritos
1275 2206 1354 2230 sese
1368 2206 1528 2243 pugnae,

139 2272 177 2303 et
212 2266 412 2316 fugientes,
441 2265 641 2313 subitoque
668 2264 708 2300 in
744 2267 1033 2312 persequentem
1060 2262 1209 2299 hostem
1246 2261 1427 2307 conversi,
1463 2261 1529 2298 im-

137 2338 268 2384 petum
295 2334 425 2371 fecere.
498 2332 559 2369 Ita
576 2329 861 2368 innumerabilis
880 2329 1081 2366 Persarum
1099 2328 1305 2366 multitudo
1333 2327 1529 2366 interfecta

138 2406 203 2438 est.
273 2401 377 2438 Dum
412 2401 504 2437 haec
539 2402 733 2448 geruntur,
770 2401 927 2434 narrant
963 2397 1142 2442 Xerxem,
1182 2409 1298 2445 quum
1334 2395 1527 2444 spectandi
