1591 2492
140 86 188 120 30
536 73 665 108 EASY
696 71 858 106 LATIN
888 68 1121 106 STORIES.
1338 62 1456 113 [PART
1477 72 1517 98 11.

473 210 523 247 H
522 210 558 248 2‘5
578 209 738 248 brother
758 208 910 247 carries
929 206 994 256 off
1004 206 1068 244 tlae
1087 204 1197 254 body.

192 288 452 328 99.—Frater
463 292 589 325 autem
604 287 762 325 cadaver
774 287 918 324 auferre
932 286 1139 324 coustituit.
1178 285 1320 323 Dolum
1332 285 1448 334 igitur
1460 298 1522 322 ex-

141 356 322 406 cogitavit
337 355 562 392 huiusmodi.
619 355 819 392 Instructis
834 354 948 392 asinis
962 358 1064 390 utres
1078 353 1257 402 imposuit
1274 352 1364 390 vino
1379 352 1521 402 plenos,

141 438 277 474 cosque
295 438 362 474 per
380 424 481 461 viam
499 424 689 473 publicam
708 423 877 472 agitavit.
920 422 1018 459 Tum
1036 434 1125 459 vero
1140 420 1369 470 praeteriens
1387 419 1521 465 locum,

143 494 182 530 in
202 506 276 542 quo
297 491 470 529 custodes
489 495 608 537 eraut,
629 491 724 527 duos
743 490 803 527 vel
822 495 898 527 tres
917 494 1020 527 utres
1039 489 1134 526 clam
1159 488 1282 526 solvit.
1338 487 1524 524 Efflucnte

141 560 241 606 vino,
262 564 374 609 caput
400 559 566 608 pulsavit
590 557 735 607 ingenti
763 557 934 603 clamore,
955 557 1061 606 quasi
1088 556 1299 593 calamitate
1326 554 1522 592 attonitus.

141 626 338 672 Custodes,
351 626 416 675 qui
427 625 589 662 multum
602 625 681 662 vini
694 624 862 674 elapsum
875 624 1068 669 videbant,
1081 623 1121 660 in
1132 623 1234 660 viam
1246 624 1523 666 concurrerunt,

141 707 231 731 vasa
243 698 426 739 tenentes,
440 693 666 741 effluensque
679 692 810 729 vinum
829 691 1056 741 colligentes.
1091 690 1160 727 Ille
1173 694 1299 727 autem
1316 687 1526 726 maledictis

143 774 205 798 eos
223 760 411 797 laceravit.
467 759 699 797 Custodibus
718 772 807 795 vero
827 771 913 795 eum
935 757 1226 803 consolantibus,
1246 756 1445 806 paullatim
1471 755 1527 791 ira

143 827 264 865 desiit.
320 827 494 876 Denique
514 840 535 863 a
553 825 679 863 media
696 826 759 863 via
782 826 909 875 exegit
928 826 1063 872 asinos,
1083 838 1176 874 quos
1195 837 1323 861 rursus
1342 824 1527 860 instruere

145 895 296 944 incepit.
369 895 429 932 Ibi
464 894 595 931 multis
636 894 891 931 incidentibus
928 893 1174 939 sermonibus,
1211 893 1285 930 illis
1326 904 1445 929 unum
1480 904 1528 928 ex

144 963 292 999 utribus
311 961 426 999 dedit.
483 962 581 999 Tum
609 975 738 999 omnes
764 961 1042 998 discumbentes
1061 959 1333 1010 compotationi
1360 959 1528 996 animum

146 1031 416 1081 applicuerunt.
464 1030 559 1067 Mox
586 1043 649 1067 eos
677 1029 749 1067 alio
768 1033 853 1066 utre
880 1028 1049 1074 donavit,
1077 1027 1143 1077 qui
1170 1027 1318 1077 copioso
1349 1029 1443 1075 potu
1470 1024 1528 1061 usi

144 1098 320 1136 inebriati
356 1097 520 1144 fuerunt,
548 1101 587 1134 et
614 1110 744 1134 somno
770 1096 938 1145 oppressi
973 1096 1013 1132 in
1040 1094 1173 1132 eodem
1203 1093 1296 1139 loco,
1325 1106 1399 1142 quo
1426 1095 1529 1141 pota-

143 1171 288 1213 verant,
308 1165 601 1203 obdormierunt.
658 1165 756 1202 Tum
783 1177 883 1210 vero,
903 1168 1013 1201 nocte
1039 1163 1115 1200 iam
1133 1162 1295 1199 multum
1322 1173 1528 1210 progressa,

144 1234 270 1271 fratris
286 1247 418 1283 corpus
433 1233 556 1279 solvit,
573 1237 611 1270 et
629 1231 828 1269 custodum
842 1231 996 1268 dextras
1009 1243 1123 1280 genas
1136 1228 1382 1267 contumeliae
1401 1240 1529 1265 caussa

145 1302 245 1339 rasit.
293 1301 465 1350 Denique
486 1313 570 1337 cum
589 1300 714 1347 asinis,
736 1298 915 1336 cadavere
934 1298 1121 1347 imposito,
1140 1296 1294 1334 domum
1313 1295 1437 1333 rediit.

567 1392 648 1430 lee
668 1393 835 1431 reward
851 1392 902 1442 of
913 1391 1114 1440 audac-ily.

202 1470 452 1519 loo—Regi
478 1470 619 1506 factum
646 1470 906 1506 renuntiatum
933 1473 990 1506 est
1003 1483 1013 1515 3
1041 1480 1154 1517 quam
1173 1480 1253 1503 rem
1271 1465 1392 1515 primo
1408 1476 1531 1513 aeger-

146 1538 240 1574 rime
267 1537 380 1584 tulit,
407 1541 538 1586 postea
560 1541 697 1582 autem,
719 1541 757 1573 et
785 1535 939 1573 audacia
967 1541 1006 1572 et
1034 1540 1114 1572 arte
1140 1533 1305 1571 hominis
1332 1531 1529 1576 attonitus,

146 1606 297 1643 veniam
332 1609 370 1641 et
409 1617 547 1654 magna
591 1604 691 1642 dona
734 1604 919 1653 promisit.
992 1604 1070 1640 Fur
1109 1602 1232 1639 edicto
1274 1600 1388 1638 fidem
1428 1598 1531 1636 adhi-

146 1673 250 1718 bens,
270 1671 318 1709 ad
336 1684 463 1721 regem
482 1672 647 1718 accessit,
668 1672 732 1721 qui
759 1685 896 1721 magna
915 1671 1163 1708 admiratione
1190 1668 1355 1707 hominis
1382 1667 1530 1710 ductus,

148 1740 263 1777 filiam
282 1739 316 1776 ei
334 1739 374 1776 in
392 1739 675 1776 matrimonium
691 1739 807 1776 dedit.

592 1855 845 1892 111.—01L
874 1855 1098 1891 WELLS.

206 1929 453 1967 lOl.—Sunt
465 1928 566 1964 haud
578 1928 707 1977 procul
720 1929 766 1966 ab
782 1929 873 1966 urbe
888 1929 1091 1966 Ardericca
1101 1928 1217 1977 putei,
1235 1929 1299 1976 qui
1317 1931 1394 1964 tres
1413 1927 1533 1964 diver-

151 2009 209 2032 sas
224 2008 349 2032 rerum
363 1996 502 2045 species
521 1996 713 2034 exhibent.
768 1996 870 2034 Nam
889 2001 927 2034 et
946 1996 1139 2045 asphaltus
1158 1999 1197 2032 et
1215 1995 1269 2032 sal
1287 1999 1327 2032 et
1345 1994 1470 2032 oleum
1485 2007 1533 2031 ex

150 2063 223 2099 illis
254 2063 492 2110 hauriuntur,
525 2063 595 2101 hoc
627 2064 749 2102 modo.
807 2064 1001 2102 Hauriunt
1031 2077 1102 2113 ope
1133 2063 1346 2109 tollenonis,
1375 2062 1435 2100 cui
1465 2075 1532 2100 vas

151 2130 347 2179 alligatum
383 2135 440 2167 est
453 2145 463 2177 ;
504 2130 605 2180 quod
641 2131 861 2168 extulerunt
897 2145 917 2168 e
952 2135 1079 2180 puteo,
1108 2129 1148 2167 id
1179 2130 1220 2167 in
1255 2142 1436 2179 magnum
1466 2141 1533 2166 vas

150 2197 357 2234 infundunt
370 2211 379 2244 3
418 2210 465 2234 ex
501 2211 575 2246 quo
602 2211 731 2235 rursus
758 2199 797 2235 in
824 2198 927 2235 aliud
959 2197 1236 2247 receptaculum
1263 2197 1532 2241 transvehitur,

151 2270 263 2314 atque
282 2265 337 2302 ita
356 2265 395 2301 in
414 2265 600 2314 triplicem
618 2266 778 2303 formam
801 2266 1043 2304 convertitur.
1098 2265 1149 2303 Et
1167 2265 1362 2315 asphaltus
1381 2264 1533 2314 quidem

151 2337 190 2370 et
208 2332 262 2369 sal
281 2337 523 2370 concrescunt
538 2347 549 2380 3
576 2333 700 2370 oleum
718 2347 807 2371 vero
838 2334 874 2370 in
893 2346 960 2371 vas
979 2333 1182 2382 colligunt:
1210 2336 1268 2370 est
1286 2336 1413 2370 autem
1439 2330 1532 2368 illud

152 2400 313 2449 nigrum,
332 2403 370 2436 et
390 2412 541 2450 gravem
560 2399 712 2438 odorem
730 2411 746 2435 s
