<?xml version="1.0" encoding="UTF-8"?>
<!DOCTYPE html PUBLIC "-//W3C//DTD XHTML 1.0 Transitional//EN"
    "http://www.w3.org/TR/xhtml1/DTD/xhtml1-transitional.dtd">
<html xmlns="http://www.w3.org/1999/xhtml" xml:lang="en" lang="en">
 <head>
  <title>
</title>
<meta http-equiv="Content-Type" content="text/html;charset=utf-8" />
  <meta name='ocr-system' content='tesseract 3.04.00' />
  <meta name='ocr-capabilities' content='ocr_page ocr_carea ocr_par ocr_line ocrx_word'/>
</head>
<body>
  <div class='ocr_page' id='page_1' title='image "./easylatinstories00benn/easylatinstories00benn_0064.png"; bbox 0 0 1591 2492; ppageno 0'>
   <div class='ocr_carea' id='block_1_1' title="bbox 142 93 1512 145">
    <p class='ocr_par' dir='ltr' id='par_1_1' title="bbox 142 93 1512 145">
     <span class='ocr_line' id='line_1_1' title="bbox 142 93 1512 145; baseline -0.001 -13"><span class='ocrx_word' id='word_1_1' title='bbox 142 107 185 143; x_wconf 89' lang='lat'>52</span> <span class='ocrx_word' id='word_1_2' title='bbox 533 97 664 134; x_wconf 87' lang='lat' dir='ltr'>EASY</span> <span class='ocrx_word' id='word_1_3' title='bbox 693 97 859 132; x_wconf 91' lang='lat' dir='ltr'>LATIN</span> <span class='ocrx_word' id='word_1_4' title='bbox 887 95 1120 133; x_wconf 90' lang='lat' dir='ltr'>STORIES.</span> <span class='ocrx_word' id='word_1_5' title='bbox 1325 93 1445 145; x_wconf 83' lang='lat' dir='ltr'>[PART</span> <span class='ocrx_word' id='word_1_6' title='bbox 1463 106 1512 131; x_wconf 90' lang='lat' dir='ltr'>1v.</span> 
     </span>
    </p>
   </div>
   <div class='ocr_carea' id='block_1_2' title="bbox 649 248 1027 287">
    <p class='ocr_par' dir='ltr' id='par_1_2' title="bbox 649 248 1027 287">
     <span class='ocr_line' id='line_1_2' title="bbox 649 248 1027 287; baseline -0.003 0"><span class='ocrx_word' id='word_1_7' title='bbox 649 248 838 287; x_wconf 71' lang='lat' dir='ltr'>Another</span> <span class='ocrx_word' id='word_1_8' title='bbox 855 254 1027 286; x_wconf 79' lang='lat' dir='ltr'><em>account.</em></span> 
     </span>
    </p>
   </div>
   <div class='ocr_carea' id='block_1_3' title="bbox 129 338 1516 795">
    <p class='ocr_par' dir='ltr' id='par_1_3' title="bbox 129 338 1516 795">
     <span class='ocr_line' id='line_1_3' title="bbox 173 338 1515 389; baseline -0.003 -10"><span class='ocrx_word' id='word_1_9' title='bbox 173 340 422 381; x_wconf 76' lang='lat' dir='ltr'>155.—Sunt</span> <span class='ocrx_word' id='word_1_10' title='bbox 434 340 624 389; x_wconf 84' lang='lat' dir='ltr'>pauciores</span> <span class='ocrx_word' id='word_1_11' title='bbox 636 339 810 377; x_wconf 88' lang='lat' dir='ltr'>nonnulli</span> <span class='ocrx_word' id='word_1_12' title='bbox 822 339 887 388; x_wconf 86' lang='lat' dir='ltr'>qui</span> <span class='ocrx_word' id='word_1_13' title='bbox 899 338 1067 386; x_wconf 85' lang='lat' dir='ltr'>tradunt,</span> <span class='ocrx_word' id='word_1_14' title='bbox 1080 339 1223 376; x_wconf 80' lang='lat' dir='ltr'>misisse</span> <span class='ocrx_word' id='word_1_15' title='bbox 1236 338 1402 376; x_wconf 82' lang='lat' dir='ltr'>Oroeten</span> <span class='ocrx_word' id='word_1_16' title='bbox 1412 350 1515 387; x_wconf 88' lang='lat' dir='ltr'>prae-</span> 
     </span>
     <span class='ocr_line' id='line_1_4' title="bbox 132 405 1514 457; baseline -0.003 -11"><span class='ocrx_word' id='word_1_17' title='bbox 132 422 265 446; x_wconf 90' lang='lat' dir='ltr'>conem</span> <span class='ocrx_word' id='word_1_18' title='bbox 284 408 448 454; x_wconf 85' lang='lat' dir='ltr'>Samum,</span> <span class='ocrx_word' id='word_1_19' title='bbox 469 408 593 445; x_wconf 88' lang='lat' dir='ltr'>nescio</span> <span class='ocrx_word' id='word_1_20' title='bbox 612 407 704 457; x_wconf 89' lang='lat' dir='ltr'>quid</span> <span class='ocrx_word' id='word_1_21' title='bbox 731 408 956 456; x_wconf 82' lang='lat' dir='ltr'>petiturum:</span> <span class='ocrx_word' id='word_1_22' title='bbox 986 407 1070 454; x_wconf 91' lang='lat' dir='ltr'>(nec</span> <span class='ocrx_word' id='word_1_23' title='bbox 1088 407 1189 444; x_wconf 92' lang='lat' dir='ltr'>enim</span> <span class='ocrx_word' id='word_1_24' title='bbox 1215 406 1287 444; x_wconf 88' lang='lat' dir='ltr'>hoc</span> <span class='ocrx_word' id='word_1_25' title='bbox 1313 405 1514 443; x_wconf 81' lang='lat' dir='ltr'>memoriae</span> 
     </span>
     <span class='ocr_line' id='line_1_5' title="bbox 131 473 1516 526; baseline -0.004 -12"><span class='ocrx_word' id='word_1_26' title='bbox 131 476 339 526; x_wconf 52' lang='lat' dir='ltr'>proditum)</span> <span class='ocrx_word' id='word_1_27' title='bbox 368 476 607 525; x_wconf 79' lang='lat' dir='ltr'>Polycratem</span> <span class='ocrx_word' id='word_1_28' title='bbox 626 479 753 513; x_wconf 89' lang='lat' dir='ltr'>autem</span> <span class='ocrx_word' id='word_1_29' title='bbox 771 480 862 513; x_wconf 90' lang='lat' dir='ltr'>tunc</span> <span class='ocrx_word' id='word_1_30' title='bbox 888 476 929 513; x_wconf 87' lang='lat' dir='ltr'>in</span> <span class='ocrx_word' id='word_1_31' title='bbox 953 474 1092 512; x_wconf 84' lang='lat' dir='ltr'>exedra</span> <span class='ocrx_word' id='word_1_32' title='bbox 1109 474 1206 512; x_wconf 86' lang='lat' dir='ltr'>forte</span> <span class='ocrx_word' id='word_1_33' title='bbox 1226 473 1456 519; x_wconf 83' lang='lat' dir='ltr'>decubuisse,</span> <span class='ocrx_word' id='word_1_34' title='bbox 1477 475 1516 510; x_wconf 82' lang='lat' dir='ltr'>et</span> 
     </span>
     <span class='ocr_line' id='line_1_6' title="bbox 131 542 1514 595; baseline -0.003 -13"><span class='ocrx_word' id='word_1_35' title='bbox 131 545 280 583; x_wconf 85' lang='lat' dir='ltr'>affuisse</span> <span class='ocrx_word' id='word_1_36' title='bbox 307 545 342 582; x_wconf 88' lang='lat' dir='ltr'>ei</span> <span class='ocrx_word' id='word_1_37' title='bbox 371 545 650 582; x_wconf 88' lang='lat' dir='ltr'>Anacreontem</span> <span class='ocrx_word' id='word_1_38' title='bbox 677 545 811 582; x_wconf 89' lang='lat' dir='ltr'>Teium</span> <span class='ocrx_word' id='word_1_39' title='bbox 823 559 833 592; x_wconf 80' lang='lat'>3</span> <span class='ocrx_word' id='word_1_40' title='bbox 862 549 975 595; x_wconf 87' lang='lat' dir='ltr'>atque</span> <span class='ocrx_word' id='word_1_41' title='bbox 1003 556 1121 594; x_wconf 90' lang='lat' dir='ltr'>quum</span> <span class='ocrx_word' id='word_1_42' title='bbox 1148 542 1325 581; x_wconf 86' lang='lat' dir='ltr'>accedens</span> <span class='ocrx_word' id='word_1_43' title='bbox 1354 542 1514 580; x_wconf 86' lang='lat' dir='ltr'>Oroetae</span> 
     </span>
     <span class='ocr_line' id='line_1_7' title="bbox 129 609 1516 663; baseline -0.004 -13"><span class='ocrx_word' id='word_1_44' title='bbox 129 625 263 663; x_wconf 88' lang='lat' dir='ltr'>praeco</span> <span class='ocrx_word' id='word_1_45' title='bbox 290 611 406 650; x_wconf 85' lang='lat' dir='ltr'>verba</span> <span class='ocrx_word' id='word_1_46' title='bbox 432 611 590 659; x_wconf 86' lang='lat' dir='ltr'>fecisset,</span> <span class='ocrx_word' id='word_1_47' title='bbox 620 611 859 660; x_wconf 79' lang='lat' dir='ltr'>Polycratem</span> <span class='ocrx_word' id='word_1_48' title='bbox 879 611 926 649; x_wconf 90' lang='lat' dir='ltr'>ad</span> <span class='ocrx_word' id='word_1_49' title='bbox 945 623 1096 648; x_wconf 88' lang='lat' dir='ltr'>murum</span> <span class='ocrx_word' id='word_1_50' title='bbox 1123 614 1213 647; x_wconf 88' lang='lat' dir='ltr'>tunc</span> <span class='ocrx_word' id='word_1_51' title='bbox 1239 609 1336 647; x_wconf 88' lang='lat' dir='ltr'>forte</span> <span class='ocrx_word' id='word_1_52' title='bbox 1366 621 1516 646; x_wconf 88' lang='lat' dir='ltr'>conver-</span> 
     </span>
     <span class='ocr_line' id='line_1_8' title="bbox 131 675 1512 728; baseline -0.003 -11"><span class='ocrx_word' id='word_1_53' title='bbox 131 693 224 727; x_wconf 90' lang='lat' dir='ltr'>sum,</span> <span class='ocrx_word' id='word_1_54' title='bbox 253 692 321 717; x_wconf 90' lang='lat' dir='ltr'>nec</span> <span class='ocrx_word' id='word_1_55' title='bbox 348 678 536 728; x_wconf 82' lang='lat' dir='ltr'>aspexisse</span> <span class='ocrx_word' id='word_1_56' title='bbox 563 679 756 716; x_wconf 89' lang='lat' dir='ltr'>hominem</span> <span class='ocrx_word' id='word_1_57' title='bbox 783 678 987 728; x_wconf 86' lang='lat' dir='ltr'>paullisper</span> <span class='ocrx_word' id='word_1_58' title='bbox 1013 691 1082 714; x_wconf 87' lang='lat' dir='ltr'>nec</span> <span class='ocrx_word' id='word_1_59' title='bbox 1109 689 1330 726; x_wconf 87' lang='lat' dir='ltr'>responsum</span> <span class='ocrx_word' id='word_1_60' title='bbox 1355 675 1512 714; x_wconf 85' lang='lat' dir='ltr'>dedisse.</span> 
     </span>
     <span class='ocr_line' id='line_1_9' title="bbox 131 744 1207 795; baseline -0.001 -11"><span class='ocrx_word' id='word_1_61' title='bbox 131 746 191 784; x_wconf 86' lang='lat' dir='ltr'>Sic</span> <span class='ocrx_word' id='word_1_62' title='bbox 212 759 338 785; x_wconf 86' lang='lat' dir='ltr'>caussa</span> <span class='ocrx_word' id='word_1_63' title='bbox 356 747 490 784; x_wconf 88' lang='lat' dir='ltr'>mortis</span> <span class='ocrx_word' id='word_1_64' title='bbox 509 746 720 795; x_wconf 87' lang='lat' dir='ltr'>Polycratis</span> <span class='ocrx_word' id='word_1_65' title='bbox 741 746 882 795; x_wconf 86' lang='lat' dir='ltr'>duplici</span> <span class='ocrx_word' id='word_1_66' title='bbox 900 745 1013 783; x_wconf 87' lang='lat' dir='ltr'>modo</span> <span class='ocrx_word' id='word_1_67' title='bbox 1034 744 1207 783; x_wconf 79' lang='lat' dir='ltr'>traditur.</span> 
     </span>
    </p>
   </div>
   <div class='ocr_carea' id='block_1_4' title="bbox 489 870 1151 921">
    <p class='ocr_par' dir='ltr' id='par_1_4' title="bbox 489 870 1151 921">
     <span class='ocr_line' id='line_1_10' title="bbox 489 870 1151 921; baseline 0 -13"><span class='ocrx_word' id='word_1_68' title='bbox 489 870 571 909; x_wconf 75' lang='lat' dir='ltr'>lee</span> <span class='ocrx_word' id='word_1_69' title='bbox 591 870 890 909; x_wconf 71' lang='lat' dir='ltr'>vzaclcinatz‘ons</span> <span class='ocrx_word' id='word_1_70' title='bbox 910 870 963 921; x_wconf 85' lang='lat' dir='ltr'>of</span> <span class='ocrx_word' id='word_1_71' title='bbox 980 873 1151 910; x_wconf 69' lang='lat' dir='ltr'>Oroetes.</span> 
     </span>
    </p>
   </div>
   <div class='ocr_carea' id='block_1_5' title="bbox 130 954 1517 1813">
    <p class='ocr_par' dir='ltr' id='par_1_5' title="bbox 130 954 1517 1813">
     <span class='ocr_line' id='line_1_11' title="bbox 186 954 1515 1006; baseline -0.001 -12"><span class='ocrx_word' id='word_1_72' title='bbox 186 954 494 996; x_wconf 86' lang='lat' dir='ltr'>156.—Oroetes</span> <span class='ocrx_word' id='word_1_73' title='bbox 513 968 614 1003; x_wconf 88' lang='lat' dir='ltr'>vero,</span> <span class='ocrx_word' id='word_1_74' title='bbox 628 956 692 1005; x_wconf 90' lang='lat' dir='ltr'>qui</span> <span class='ocrx_word' id='word_1_75' title='bbox 704 956 921 1006; x_wconf 83' lang='lat' dir='ltr'>Magnesiae</span> <span class='ocrx_word' id='word_1_76' title='bbox 939 956 1148 1003; x_wconf 83' lang='lat' dir='ltr'>habitabat,</span> <span class='ocrx_word' id='word_1_77' title='bbox 1163 955 1314 1005; x_wconf 87' lang='lat' dir='ltr'>Lydum</span> <span class='ocrx_word' id='word_1_78' title='bbox 1327 955 1515 1005; x_wconf 88' lang='lat' dir='ltr'>quendam</span> 
     </span>
     <span class='ocr_line' id='line_1_12' title="bbox 131 1023 1512 1074; baseline 0.002 -14"><span class='ocrx_word' id='word_1_79' title='bbox 131 1023 234 1061; x_wconf 87' lang='lat' dir='ltr'>misit</span> <span class='ocrx_word' id='word_1_80' title='bbox 268 1023 445 1061; x_wconf 91' lang='lat' dir='ltr'>nuntium</span> <span class='ocrx_word' id='word_1_81' title='bbox 489 1024 674 1061; x_wconf 86' lang='lat' dir='ltr'>ferentem</span> <span class='ocrx_word' id='word_1_82' title='bbox 719 1037 792 1073; x_wconf 88' lang='lat' dir='ltr'>quo</span> <span class='ocrx_word' id='word_1_83' title='bbox 829 1024 1040 1073; x_wconf 88' lang='lat' dir='ltr'>Polycratis</span> <span class='ocrx_word' id='word_1_84' title='bbox 1077 1024 1244 1062; x_wconf 58' lang='lat' dir='ltr'>animun-³</span> <span class='ocrx_word' id='word_1_85' title='bbox 1289 1024 1512 1074; x_wconf 81' lang='lat' dir='ltr'>exploraret.</span> 
     </span>
     <span class='ocr_line' id='line_1_13' title="bbox 132 1091 1516 1142; baseline 0.001 -14"><span class='ocrx_word' id='word_1_86' title='bbox 132 1092 348 1141; x_wconf 86' lang='lat' dir='ltr'>Polycrates</span> <span class='ocrx_word' id='word_1_87' title='bbox 367 1096 494 1130; x_wconf 90' lang='lat' dir='ltr'>autem</span> <span class='ocrx_word' id='word_1_88' title='bbox 520 1105 697 1142; x_wconf 83' lang='lat' dir='ltr'>magnam</span> <span class='ocrx_word' id='word_1_89' title='bbox 724 1105 829 1142; x_wconf 91' lang='lat' dir='ltr'>spem</span> <span class='ocrx_word' id='word_1_90' title='bbox 847 1092 1012 1130; x_wconf 88' lang='lat' dir='ltr'>habebat</span> <span class='ocrx_word' id='word_1_91' title='bbox 1039 1092 1119 1130; x_wconf 87' lang='lat' dir='ltr'>fore</span> <span class='ocrx_word' id='word_1_92' title='bbox 1137 1096 1180 1129; x_wconf 89' lang='lat' dir='ltr'>ut</span> <span class='ocrx_word' id='word_1_93' title='bbox 1199 1091 1328 1129; x_wconf 88' lang='lat' dir='ltr'>Ioniae</span> <span class='ocrx_word' id='word_1_94' title='bbox 1347 1096 1386 1129; x_wconf 86' lang='lat' dir='ltr'>et</span> <span class='ocrx_word' id='word_1_95' title='bbox 1403 1091 1516 1129; x_wconf 92' lang='lat' dir='ltr'>insul-</span> 
     </span>
     <span class='ocr_line' id='line_1_14' title="bbox 134 1159 1515 1209; baseline 0 -12"><span class='ocrx_word' id='word_1_96' title='bbox 134 1172 240 1197; x_wconf 89' lang='lat' dir='ltr'>arum</span> <span class='ocrx_word' id='word_1_97' title='bbox 275 1159 432 1208; x_wconf 88' lang='lat' dir='ltr'>imperio</span> <span class='ocrx_word' id='word_1_98' title='bbox 464 1160 660 1209; x_wconf 87' lang='lat' dir='ltr'>potiretur.</span> <span class='ocrx_word' id='word_1_99' title='bbox 734 1159 901 1207; x_wconf 90' lang='lat' dir='ltr'>Oroetes,</span> <span class='ocrx_word' id='word_1_100' title='bbox 931 1160 1146 1209; x_wconf 82' lang='lat' dir='ltr'>intelligens</span> <span class='ocrx_word' id='word_1_101' title='bbox 1174 1159 1244 1196; x_wconf 86' lang='lat' dir='ltr'>hoc</span> <span class='ocrx_word' id='word_1_102' title='bbox 1272 1172 1358 1196; x_wconf 92' lang='lat' dir='ltr'>eum</span> <span class='ocrx_word' id='word_1_103' title='bbox 1390 1160 1515 1197; x_wconf 90' lang='lat' dir='ltr'>animo</span> 
     </span>
     <span class='ocr_line' id='line_1_15' title="bbox 132 1226 1517 1276; baseline 0.001 -13"><span class='ocrx_word' id='word_1_104' title='bbox 132 1226 285 1276; x_wconf 82' lang='lat' dir='ltr'>agitare,</span> <span class='ocrx_word' id='word_1_105' title='bbox 317 1226 431 1264; x_wconf 90' lang='lat' dir='ltr'>misso</span> <span class='ocrx_word' id='word_1_106' title='bbox 463 1228 609 1274; x_wconf 91' lang='lat' dir='ltr'>nuntio,</span> <span class='ocrx_word' id='word_1_107' title='bbox 637 1227 729 1265; x_wconf 86' lang='lat' dir='ltr'>haec</span> <span class='ocrx_word' id='word_1_108' title='bbox 757 1227 881 1266; x_wconf 83' lang='lat' dir='ltr'>dixit:</span> <span class='ocrx_word' id='word_1_109' title='bbox 925 1227 1105 1265; x_wconf 86' lang='lat' dir='ltr'>‘Oroetes</span> <span class='ocrx_word' id='word_1_110' title='bbox 1137 1227 1329 1275; x_wconf 89' lang='lat' dir='ltr'>Polycrati</span> <span class='ocrx_word' id='word_1_111' title='bbox 1356 1227 1517 1265; x_wconf 87' lang='lat' dir='ltr'>salutem</span> 
     </span>
     <span class='ocr_line' id='line_1_16' title="bbox 134 1293 1516 1346; baseline 0.002 -16"><span class='ocrx_word' id='word_1_112' title='bbox 134 1293 236 1331; x_wconf 87' lang='lat' dir='ltr'>dicit.</span> <span class='ocrx_word' id='word_1_113' title='bbox 291 1293 470 1332; x_wconf 85' lang='lat' dir='ltr'>Intellexi</span> <span class='ocrx_word' id='word_1_114' title='bbox 496 1300 534 1332; x_wconf 92' lang='lat' dir='ltr'>te</span> <span class='ocrx_word' id='word_1_115' title='bbox 559 1309 714 1346; x_wconf 80' lang='lat' dir='ltr'>magnas</span> <span class='ocrx_word' id='word_1_116' title='bbox 742 1309 800 1333; x_wconf 89' lang='lat' dir='ltr'>res</span> <span class='ocrx_word' id='word_1_117' title='bbox 827 1296 952 1333; x_wconf 88' lang='lat' dir='ltr'>moliri</span> <span class='ocrx_word' id='word_1_118' title='bbox 967 1311 977 1343; x_wconf 85' lang='lat'>;</span> <span class='ocrx_word' id='word_1_119' title='bbox 1013 1309 1147 1345; x_wconf 88' lang='lat' dir='ltr'>parum</span> <span class='ocrx_word' id='word_1_120' title='bbox 1175 1300 1301 1332; x_wconf 87' lang='lat' dir='ltr'>autem</span> <span class='ocrx_word' id='word_1_121' title='bbox 1336 1297 1516 1345; x_wconf 90' lang='lat' dir='ltr'>pecuniae</span> 
     </span>
     <span class='ocr_line' id='line_1_17' title="bbox 132 1359 1515 1412; baseline 0.003 -15"><span class='ocrx_word' id='word_1_122' title='bbox 132 1359 202 1397; x_wconf 85' lang='lat' dir='ltr'>tibi</span> <span class='ocrx_word' id='word_1_123' title='bbox 221 1373 308 1398; x_wconf 91' lang='lat' dir='ltr'>esse.</span> <span class='ocrx_word' id='word_1_124' title='bbox 364 1361 476 1399; x_wconf 84' lang='lat' dir='ltr'>Nunc</span> <span class='ocrx_word' id='word_1_125' title='bbox 503 1367 558 1409; x_wconf 88' lang='lat' dir='ltr'>tu,</span> <span class='ocrx_word' id='word_1_126' title='bbox 587 1364 618 1400; x_wconf 91' lang='lat' dir='ltr'>si</span> <span class='ocrx_word' id='word_1_127' title='bbox 646 1363 758 1400; x_wconf 92' lang='lat' dir='ltr'>hocce</span> <span class='ocrx_word' id='word_1_128' title='bbox 785 1363 927 1410; x_wconf 86' lang='lat' dir='ltr'>feceris,</span> <span class='ocrx_word' id='word_1_129' title='bbox 947 1368 986 1400; x_wconf 91' lang='lat' dir='ltr'>et</span> <span class='ocrx_word' id='word_1_130' title='bbox 1013 1368 1097 1400; x_wconf 89' lang='lat' dir='ltr'>tuas</span> <span class='ocrx_word' id='word_1_131' title='bbox 1124 1375 1182 1399; x_wconf 89' lang='lat' dir='ltr'>res</span> <span class='ocrx_word' id='word_1_132' title='bbox 1210 1363 1375 1412; x_wconf 84' lang='lat' dir='ltr'>augebis,</span> <span class='ocrx_word' id='word_1_133' title='bbox 1395 1368 1434 1400; x_wconf 91' lang='lat' dir='ltr'>et</span> <span class='ocrx_word' id='word_1_134' title='bbox 1455 1376 1515 1401; x_wconf 91' lang='lat' dir='ltr'>me</span> 
     </span>
     <span class='ocr_line' id='line_1_18' title="bbox 132 1429 1514 1481; baseline 0.004 -18"><span class='ocrx_word' id='word_1_135' title='bbox 132 1440 279 1476; x_wconf 88' lang='lat' dir='ltr'>quoque</span> <span class='ocrx_word' id='word_1_136' title='bbox 298 1429 473 1467; x_wconf 87' lang='lat' dir='ltr'>servabis.</span> <span class='ocrx_word' id='word_1_137' title='bbox 529 1430 697 1468; x_wconf 90' lang='lat' dir='ltr'>Mortem</span> <span class='ocrx_word' id='word_1_138' title='bbox 724 1430 817 1467; x_wconf 90' lang='lat' dir='ltr'>mihi</span> <span class='ocrx_word' id='word_1_139' title='bbox 845 1430 1052 1468; x_wconf 83' lang='lat' dir='ltr'>meditatur</span> <span class='ocrx_word' id='word_1_140' title='bbox 1070 1430 1285 1479; x_wconf 78' lang='lat' dir='ltr'>Cambyses</span> <span class='ocrx_word' id='word_1_141' title='bbox 1341 1430 1399 1467; x_wconf 91' lang='lat' dir='ltr'>Tu</span> <span class='ocrx_word' id='word_1_142' title='bbox 1427 1443 1514 1481; x_wconf 83' lang='lat' dir='ltr'>ergo</span> 
     </span>
     <span class='ocr_line' id='line_1_19' title="bbox 132 1495 1511 1548; baseline 0.004 -17"><span class='ocrx_word' id='word_1_143' title='bbox 132 1499 170 1532; x_wconf 92' lang='lat' dir='ltr'>et</span> <span class='ocrx_word' id='word_1_144' title='bbox 197 1507 256 1531; x_wconf 90' lang='lat' dir='ltr'>me</span> <span class='ocrx_word' id='word_1_145' title='bbox 292 1495 416 1544; x_wconf 90' lang='lat' dir='ltr'>ipsum</span> <span class='ocrx_word' id='word_1_146' title='bbox 443 1509 491 1534; x_wconf 92' lang='lat' dir='ltr'>ex</span> <span class='ocrx_word' id='word_1_147' title='bbox 518 1497 587 1535; x_wconf 91' lang='lat' dir='ltr'>hac</span> <span class='ocrx_word' id='word_1_148' title='bbox 615 1503 716 1536; x_wconf 91' lang='lat' dir='ltr'>terra</span> <span class='ocrx_word' id='word_1_149' title='bbox 751 1498 898 1545; x_wconf 88' lang='lat' dir='ltr'>educas,</span> <span class='ocrx_word' id='word_1_150' title='bbox 927 1503 966 1535; x_wconf 92' lang='lat' dir='ltr'>et</span> <span class='ocrx_word' id='word_1_151' title='bbox 991 1498 1169 1548; x_wconf 83' lang='lat' dir='ltr'>pecunias</span> <span class='ocrx_word' id='word_1_152' title='bbox 1198 1510 1299 1535; x_wconf 85' lang='lat' dir='ltr'>meas</span> <span class='ocrx_word' id='word_1_153' title='bbox 1327 1502 1511 1548; x_wconf 87' lang='lat' dir='ltr'>exportes.</span> 
     </span>
     <span class='ocr_line' id='line_1_20' title="bbox 132 1561 1514 1615; baseline 0.004 -18"><span class='ocrx_word' id='word_1_154' title='bbox 132 1561 279 1598; x_wconf 90' lang='lat' dir='ltr'>Harum</span> <span class='ocrx_word' id='word_1_155' title='bbox 315 1563 468 1612; x_wconf 88' lang='lat' dir='ltr'>quidem</span> <span class='ocrx_word' id='word_1_156' title='bbox 504 1569 651 1614; x_wconf 89' lang='lat' dir='ltr'>partem</span> <span class='ocrx_word' id='word_1_157' title='bbox 687 1571 729 1603; x_wconf 90' lang='lat' dir='ltr'>tu</span> <span class='ocrx_word' id='word_1_158' title='bbox 767 1571 865 1612; x_wconf 82' lang='lat' dir='ltr'>tene,</span> <span class='ocrx_word' id='word_1_159' title='bbox 903 1570 1051 1615; x_wconf 87' lang='lat' dir='ltr'>partem</span> <span class='ocrx_word' id='word_1_160' title='bbox 1095 1578 1155 1602; x_wconf 89' lang='lat' dir='ltr'>me</span> <span class='ocrx_word' id='word_1_161' title='bbox 1191 1569 1320 1602; x_wconf 86' lang='lat' dir='ltr'>tenere</span> <span class='ocrx_word' id='word_1_162' title='bbox 1360 1570 1514 1615; x_wconf 88' lang='lat' dir='ltr'>patere:</span> 
     </span>
     <span class='ocr_line' id='line_1_21' title="bbox 131 1629 1512 1682; baseline 0.004 -18"><span class='ocrx_word' id='word_1_163' title='bbox 131 1629 264 1665; x_wconf 89' lang='lat' dir='ltr'>harum</span> <span class='ocrx_word' id='word_1_164' title='bbox 291 1641 360 1678; x_wconf 92' lang='lat' dir='ltr'>ope</span> <span class='ocrx_word' id='word_1_165' title='bbox 387 1629 564 1669; x_wconf 82' lang='lat' dir='ltr'>Graeciae</span> <span class='ocrx_word' id='word_1_166' title='bbox 589 1633 745 1682; x_wconf 89' lang='lat' dir='ltr'>imperio</span> <span class='ocrx_word' id='word_1_167' title='bbox 772 1633 936 1682; x_wconf 86' lang='lat' dir='ltr'>potieris.</span> <span class='ocrx_word' id='word_1_168' title='bbox 993 1631 1103 1679; x_wconf 78' lang='lat' dir='ltr'>Quod</span> <span class='ocrx_word' id='word_1_169' title='bbox 1132 1632 1163 1669; x_wconf 91' lang='lat' dir='ltr'>si</span> <span class='ocrx_word' id='word_1_170' title='bbox 1188 1631 1302 1669; x_wconf 89' lang='lat' dir='ltr'>fidem</span> <span class='ocrx_word' id='word_1_171' title='bbox 1319 1632 1413 1669; x_wconf 88' lang='lat' dir='ltr'>mihi</span> <span class='ocrx_word' id='word_1_172' title='bbox 1438 1646 1512 1670; x_wconf 93' lang='lat' dir='ltr'>non</span> 
     </span>
     <span class='ocr_line' id='line_1_22' title="bbox 130 1696 1513 1750; baseline 0.004 -18"><span class='ocrx_word' id='word_1_173' title='bbox 130 1696 316 1743; x_wconf 79' lang='lat' dir='ltr'>habueris,</span> <span class='ocrx_word' id='word_1_174' title='bbox 344 1697 453 1735; x_wconf 80' lang='lat' dir='ltr'>mitte</span> <span class='ocrx_word' id='word_1_175' title='bbox 478 1699 607 1747; x_wconf 84' lang='lat' dir='ltr'>civem,</span> <span class='ocrx_word' id='word_1_176' title='bbox 639 1713 897 1749; x_wconf 89' lang='lat' dir='ltr'>quemcunque</span> <span class='ocrx_word' id='word_1_177' title='bbox 926 1699 1185 1737; x_wconf 84' lang='lat' dir='ltr'>fidelissimum</span> <span class='ocrx_word' id='word_1_178' title='bbox 1212 1700 1338 1747; x_wconf 85' lang='lat' dir='ltr'>habes,</span> <span class='ocrx_word' id='word_1_179' title='bbox 1360 1700 1418 1737; x_wconf 90' lang='lat' dir='ltr'>cui</span> <span class='ocrx_word' id='word_1_180' title='bbox 1446 1713 1513 1750; x_wconf 84' lang='lat' dir='ltr'>ego</span> 
     </span>
     <span class='ocr_line' id='line_1_23' title="bbox 130 1765 562 1813; baseline 0.014 -13"><span class='ocrx_word' id='word_1_181' title='bbox 130 1765 303 1813; x_wconf 86' lang='lat' dir='ltr'>pecunias</span> <span class='ocrx_word' id='word_1_182' title='bbox 322 1768 562 1806; x_wconf 87' lang='lat' dir='ltr'>monstrabo.&#39;</span> 
     </span>
    </p>
   </div>
   <div class='ocr_carea' id='block_1_6' title="bbox 367 1883 1277 1936">
    <p class='ocr_par' dir='ltr' id='par_1_6' title="bbox 367 1883 1277 1936">
     <span class='ocr_line' id='line_1_24' title="bbox 367 1883 1277 1936; baseline 0.003 -14"><span class='ocrx_word' id='word_1_183' title='bbox 367 1883 437 1923; x_wconf 81' lang='lat' dir='ltr'>He</span> <span class='ocrx_word' id='word_1_184' title='bbox 454 1885 625 1924; x_wconf 76' lang='lat' dir='ltr'>decez’ves</span> <span class='ocrx_word' id='word_1_185' title='bbox 645 1884 710 1923; x_wconf 74' lang='lat' dir='ltr'>tlze</span> <span class='ocrx_word' id='word_1_186' title='bbox 729 1898 953 1936; x_wconf 76' lang='lat' dir='ltr'>messenger</span> <span class='ocrx_word' id='word_1_187' title='bbox 971 1885 1024 1936; x_wconf 80' lang='lat' dir='ltr'>of</span> <span class='ocrx_word' id='word_1_188' title='bbox 1035 1885 1277 1936; x_wconf 74' lang='lat' dir='ltr'>Polycrates.</span> 
     </span>
    </p>
   </div>
   <div class='ocr_carea' id='block_1_7' title="bbox 123 1960 1512 2417">
    <p class='ocr_par' dir='ltr' id='par_1_7' title="bbox 123 1960 1512 2417">
     <span class='ocr_line' id='line_1_25' title="bbox 182 1960 1511 2012; baseline 0.002 -15"><span class='ocrx_word' id='word_1_189' title='bbox 182 1960 405 1998; x_wconf 78' lang='lat' dir='ltr'>157.—His</span> <span class='ocrx_word' id='word_1_190' title='bbox 420 1962 558 2000; x_wconf 87' lang='lat' dir='ltr'>auditis</span> <span class='ocrx_word' id='word_1_191' title='bbox 573 1963 723 2012; x_wconf 81' lang='lat' dir='ltr'>gavisus</span> <span class='ocrx_word' id='word_1_192' title='bbox 738 1962 968 2012; x_wconf 73' lang='lat' dir='ltr'>Polycrates,</span> <span class='ocrx_word' id='word_1_193' title='bbox 982 1964 1125 2012; x_wconf 90' lang='lat' dir='ltr'>accepit</span> <span class='ocrx_word' id='word_1_194' title='bbox 1140 1962 1403 2000; x_wconf 88' lang='lat' dir='ltr'>conditionem.</span> <span class='ocrx_word' id='word_1_195' title='bbox 1434 1962 1511 2000; x_wconf 87' lang='lat' dir='ltr'>Pri-</span> 
     </span>
     <span class='ocr_line' id='line_1_26' title="bbox 126 2027 1512 2080; baseline 0.004 -18"><span class='ocrx_word' id='word_1_196' title='bbox 126 2038 230 2062; x_wconf 88' lang='lat' dir='ltr'>mum</span> <span class='ocrx_word' id='word_1_197' title='bbox 249 2027 365 2076; x_wconf 85' lang='lat' dir='ltr'>igitur</span> <span class='ocrx_word' id='word_1_198' title='bbox 382 2028 486 2066; x_wconf 85' lang='lat' dir='ltr'>misit</span> <span class='ocrx_word' id='word_1_199' title='bbox 513 2029 732 2079; x_wconf 88' lang='lat' dir='ltr'>speculandi</span> <span class='ocrx_word' id='word_1_200' title='bbox 751 2043 879 2068; x_wconf 86' lang='lat' dir='ltr'>caussa</span> <span class='ocrx_word' id='word_1_201' title='bbox 902 2030 1177 2077; x_wconf 87' lang='lat' dir='ltr'>Maeandrium,</span> <span class='ocrx_word' id='word_1_202' title='bbox 1199 2031 1263 2080; x_wconf 91' lang='lat' dir='ltr'>qui</span> <span class='ocrx_word' id='word_1_203' title='bbox 1286 2031 1406 2068; x_wconf 87' lang='lat' dir='ltr'>scriba</span> <span class='ocrx_word' id='word_1_204' title='bbox 1433 2031 1512 2069; x_wconf 90' lang='lat' dir='ltr'>eius</span> 
     </span>
     <span class='ocr_line' id='line_1_27' title="bbox 126 2093 1509 2148; baseline 0.004 -18"><span class='ocrx_word' id='word_1_205' title='bbox 126 2099 215 2131; x_wconf 89' lang='lat' dir='ltr'>erat.</span> <span class='ocrx_word' id='word_1_206' title='bbox 247 2093 403 2133; x_wconf 89' lang='lat' dir='ltr'>Oroetes</span> <span class='ocrx_word' id='word_1_207' title='bbox 414 2101 615 2146; x_wconf 88' lang='lat' dir='ltr'>postquam</span> <span class='ocrx_word' id='word_1_208' title='bbox 627 2099 803 2148; x_wconf 83' lang='lat' dir='ltr'>cognovit</span> <span class='ocrx_word' id='word_1_209' title='bbox 816 2098 1025 2148; x_wconf 86' lang='lat' dir='ltr'>exspectari</span> <span class='ocrx_word' id='word_1_210' title='bbox 1037 2098 1318 2147; x_wconf 86' lang='lat' dir='ltr'>speculatorem,</span> <span class='ocrx_word' id='word_1_211' title='bbox 1328 2098 1398 2136; x_wconf 90' lang='lat' dir='ltr'>hoc</span> <span class='ocrx_word' id='word_1_212' title='bbox 1410 2098 1509 2136; x_wconf 88' lang='lat' dir='ltr'>fecit.</span> 
     </span>
     <span class='ocr_line' id='line_1_28' title="bbox 125 2160 1508 2218; baseline 0.007 -20"><span class='ocrx_word' id='word_1_213' title='bbox 125 2160 247 2199; x_wconf 87' lang='lat' dir='ltr'>Cistas</span> <span class='ocrx_word' id='word_1_214' title='bbox 279 2166 363 2200; x_wconf 86' lang='lat' dir='ltr'>octo</span> <span class='ocrx_word' id='word_1_215' title='bbox 394 2163 583 2214; x_wconf 90' lang='lat' dir='ltr'>lapidibus</span> <span class='ocrx_word' id='word_1_216' title='bbox 620 2165 832 2215; x_wconf 85' lang='lat' dir='ltr'>complevit,</span> <span class='ocrx_word' id='word_1_217' title='bbox 854 2167 960 2204; x_wconf 89' lang='lat' dir='ltr'>brevi</span> <span class='ocrx_word' id='word_1_218' title='bbox 985 2167 1107 2217; x_wconf 87' lang='lat' dir='ltr'>spatio</span> <span class='ocrx_word' id='word_1_219' title='bbox 1126 2172 1283 2218; x_wconf 85' lang='lat' dir='ltr'>excepto</span> <span class='ocrx_word' id='word_1_220' title='bbox 1302 2169 1399 2207; x_wconf 87' lang='lat' dir='ltr'>circa</span> <span class='ocrx_word' id='word_1_221' title='bbox 1417 2182 1508 2218; x_wconf 78' lang='lat' dir='ltr'>oras,</span> 
     </span>
     <span class='ocr_line' id='line_1_29' title="bbox 124 2228 1512 2285; baseline 0.007 -21"><span class='ocrx_word' id='word_1_222' title='bbox 124 2240 235 2277; x_wconf 89' lang='lat' dir='ltr'>super</span> <span class='ocrx_word' id='word_1_223' title='bbox 248 2228 392 2277; x_wconf 89' lang='lat' dir='ltr'>lapides</span> <span class='ocrx_word' id='word_1_224' title='bbox 403 2243 493 2268; x_wconf 85' lang='lat' dir='ltr'>vero</span> <span class='ocrx_word' id='word_1_225' title='bbox 512 2245 645 2269; x_wconf 87' lang='lat' dir='ltr'>aurum</span> <span class='ocrx_word' id='word_1_226' title='bbox 658 2232 815 2270; x_wconf 86' lang='lat' dir='ltr'>coniecit</span> <span class='ocrx_word' id='word_1_227' title='bbox 833 2248 840 2270; x_wconf 71' lang='grc' dir='ltr'>ι</span> <span class='ocrx_word' id='word_1_228' title='bbox 867 2238 951 2270; x_wconf 92' lang='lat' dir='ltr'>tum</span> <span class='ocrx_word' id='word_1_229' title='bbox 965 2234 1180 2284; x_wconf 86' lang='lat' dir='ltr'>obsignatas</span> <span class='ocrx_word' id='word_1_230' title='bbox 1199 2235 1309 2273; x_wconf 86' lang='lat' dir='ltr'>cistas</span> <span class='ocrx_word' id='word_1_231' title='bbox 1328 2235 1368 2273; x_wconf 93' lang='lat' dir='ltr'>in</span> <span class='ocrx_word' id='word_1_232' title='bbox 1379 2241 1512 2285; x_wconf 88' lang='lat' dir='ltr'>parato</span> 
     </span>
     <span class='ocr_line' id='line_1_30' title="bbox 123 2294 1510 2350; baseline 0.006 -19"><span class='ocrx_word' id='word_1_233' title='bbox 123 2294 266 2332; x_wconf 84' lang='lat' dir='ltr'>habuit.</span> <span class='ocrx_word' id='word_1_234' title='bbox 339 2296 390 2335; x_wconf 90' lang='lat' dir='ltr'>Et</span> <span class='ocrx_word' id='word_1_235' title='bbox 415 2298 670 2346; x_wconf 85' lang='lat' dir='ltr'>Maeandrius,</span> <span class='ocrx_word' id='word_1_236' title='bbox 700 2299 765 2336; x_wconf 87' lang='lat' dir='ltr'>ubi</span> <span class='ocrx_word' id='word_1_237' title='bbox 793 2299 948 2337; x_wconf 88' lang='lat' dir='ltr'>advenit</span> <span class='ocrx_word' id='word_1_238' title='bbox 980 2301 1248 2350; x_wconf 85' lang='lat' dir='ltr'>spectavitque,</span> <span class='ocrx_word' id='word_1_239' title='bbox 1277 2303 1510 2341; x_wconf 81' lang='lat' dir='ltr'>renuntiavit</span> 
     </span>
     <span class='ocr_line' id='line_1_31' title="bbox 123 2361 1376 2417; baseline 0.006 -18"><span class='ocrx_word' id='word_1_240' title='bbox 123 2361 323 2411; x_wconf 83' lang='lat' dir='ltr'>Polycrati.</span> <span class='ocrx_word' id='word_1_241' title='bbox 384 2365 444 2403; x_wconf 84' lang='lat' dir='ltr'>Ita</span> <span class='ocrx_word' id='word_1_242' title='bbox 465 2366 618 2403; x_wconf 87' lang='lat' dir='ltr'>omnino</span> <span class='ocrx_word' id='word_1_243' title='bbox 638 2366 837 2415; x_wconf 82' lang='lat' dir='ltr'>deceptum</span> <span class='ocrx_word' id='word_1_244' title='bbox 857 2379 936 2404; x_wconf 90' lang='lat' dir='ltr'>esse</span> <span class='ocrx_word' id='word_1_245' title='bbox 955 2367 1193 2417; x_wconf 86' lang='lat' dir='ltr'>Polycratem</span> <span class='ocrx_word' id='word_1_246' title='bbox 1211 2373 1376 2407; x_wconf 85' lang='lat' dir='ltr'>narrant.</span> 
     </span>
    </p>
   </div>
  </div>
 </body>
</html>
