1591 2492
104 95 205 121 mm
226 84 293 135 1v.]
362 87 477 123 THE
505 87 686 123 THIRD
717 68 977 124 INVASION
1009 87 1077 123 OF
1107 86 1333 123 GREECE.
1444 87 1489 131 87

106 157 133 163 —
136 158 866 165 -——-———-——-—-.-—.—..———.-

615 283 794 333 Scyllz'as
815 285 879 322 tlu-
898 285 1023 324 diver.

153 367 414 406 247.—Tum
429 380 518 405 vero
538 368 688 405 barbari
707 369 804 405 circa
818 369 1011 406 Euboeam
1030 373 1177 417 partem
1198 368 1351 405 navium
1366 369 1492 406 miser-

102 440 181 480 unt,
197 439 240 472 ut
255 434 419 472 Graecos
434 435 760 473 circumvenirent.
809 435 902 472 Erat
916 441 1044 473 autem
1058 436 1098 472 in
1113 436 1361 473 barbarorum
1376 436 1491 474 classe

102 501 258 550 Scyllias
294 502 461 551 quidam,
499 503 668 539 omnium
705 503 870 552 optimus
910 503 1090 549 urinator‚
1130 503 1194 552 qui
1233 503 1308 540 iam
1343 503 1491 551 pridem

100 568 297 605 eonsilium
324 568 461 606 inierat
487 569 535 606 ad
564 569 726 606 Graecos
752 569 1041 619 transfugiendi,
1061 582 1130 606 nec
1157 582 1246 606 vero
1275 573 1362 605 ante
1390 569 1490 606 hune

100 635 200 672 diem
219 636 451 673 occasionem
471 636 616 673 consilii
636 636 869 685 exsequendi
896 642 1029 673 nactus
1057 640 1146 673 erat.
1203 636 1241 672 Is
1270 635 1385 684 igitur
1413 649 1489 684 quo

99 702 211 739 modo
235 716 334 740 nunc
362 704 524 752 Aphetis
553 703 601 740 ad
630 704 793 741 Graecos
821 704 1047 753 pervenerit,
1069 703 1191 740 dicere
1218 715 1296 740 non
1323 716 1486 751 possum.

99 769 267 806 Narrant
311 770 411 807 hunc
456 771 659 816 hominem,
697 776 899 820 postquam
943 771 1106 819 Aphetis
1151 783 1253 807 mare
1299 769 1486 816 subiisset,

98 849 174 873 non
211 838 314 886 prius
351 838 544 875 emersisse
581 851 694 887 quam
731 838 778 875 ad
815 839 1064 875 Artemisium
1108 837 1353 887 pervenisset,
1387 837 1488 873 viam

98 904 196 942 hane
215 906 410 954 octoginta
436 905 646 943 stadiorum
673 919 740 955 per
758 919 860 943 mare
880 918 1082 942 emensum.
1141 905 1219 943 Ubi
1239 918 1282 942 eo
1302 904 1485 953 pervenit,

98 972 231 1010 missas
250 986 329 1011 esse
349 973 445 1010 circa
463 973 656 1011 Euboeam
676 986 792 1011 naves
811 973 1006 1011 indicavit.

503 1120 586 1159 Tlce
605 1121 729 1160 battle
745 1122 798 1172 of
811 1120 847 1159 Α
858 1119 1099 1159 rtemz'simn.

149 1204 411 1243 248.—M0x
429 1205 574 1253 Graeci,
596 1218 757 1254 quorum
775 1204 903 1242 classis
931 1204 979 1241 ad
1006 1202 1256 1240 Artemisium
1284 1207 1376 1250 erat,
1398 1202 1488 1240 dato

98 1272 205 1320 signo
224 1272 265 1309 in
283 1272 464 1310 barbaros
491 1273 676 1322 impetum
703 1273 832 1310 fecere.
888 1271 965 1309 Diu
993 1271 1171 1320 utrinque
1190 1271 1329 1308 eximia
1346 1271 1401 1308 vil
1425 1275 1490 1308 ute

98 1344 310 1389 pugnatum
328 1345 394 1378 est.
451 1340 623 1378 Tandem
651 1340 806 1390 ancipiti
833 1339 959 1376 Marte
982 1343 1195 1388 pugnantes
1214 1338 1392 1387 ingruens
1410 1349 1489 1375 nox

98 1405 273 1443 diremit:
293 1406 427 1444 Graeci
443 1407 597 1456 quidem
611 1407 659 1444 ad
675 1407 926 1444 Artemisium
940 1406 1081 1443 reversi
1096 1409 1206 1442 sunt:
1234 1403 1386 1441 barbari
1399 1415 1489 1440 vero

98 1474 280 1523 Aphetas.
336 1475 432 1512 Mox
447 1480 575 1513 coorta
589 1480 816 1524 tempestate
830 1487 1012 1524 magnum
1025 1485 1226 1510 numerum
1239 1472 1394 1509 navium
1408 1471 1490 1508 bar-

98 1542 180 1578 bari
198 1542 415 1580 amiserunt.
471 1542 536 1589 At,
559 1543 695 1592 quibus
714 1542 938 1579 mandatum
957 1546 1039 1578 erat
1065 1546 1109 1577 ut
1128 1540 1267 1578 circum
1296 1539 1489 1575 Euboeam

98 1609 334 1658 navigarent,
362 1609 421 1646 his
449 1609 580 1646 eadem
608 1622 686 1646 nox
713 1610 787 1646 fuit
814 1609 934 1646 multo
964 1608 1135 1645 atrocior.
1191 1607 1242 1643 Et
1269 1606 1389 1643 tristis
1417 1605 1490 1642 illis

100 1677 184 1713 finis
204 1677 276 1713 fuit
291 1692 301 1723 3
329 1682 444 1714 vento
464 1678 566 1715 enim
585 1678 764 1726 abreptae
783 1690 899 1714 naves
919 1678 958 1713 in
978 1689 1069 1714 saxa
1086 1675 1206 1712 illisae
1226 1678 1324 1712 sunt.
1381 1672 1491 1710 Adeo

100 1748 226 1784 omnia
253 1747 376 1784 effecit
402 1747 517 1793 Deus,
551 1751 594 1783 ut
626 1746 829 1783 Persarum
857 1746 985 1795 copiae
1013 1744 1187 1793 aequales
1214 1744 1348 1780 fierent
1376 1741 1491 1791 copiis

100 1813 340 1851 Graecorum.

592 1920 675 1959 Tlce
692 1926 842 1959 contest
861 1919 1053 1958 renewed.

153 2005 510 2046 mia-Postridie
529 2006 608 2042 eius
627 2006 702 2042 diei
721 2005 875 2042 Graecis
894 2017 1030 2041 venere
1056 2008 1133 2040 tres
1161 2007 1199 2039 et
1218 2000 1494 2050 quinquaginta

102 2074 253 2112 Atticae
284 2086 422 2110 naves:
459 2085 619 2122 quarum
655 2077 693 2109 et
729 2072 915 2109 adventus
951 2071 1051 2107 vires
1087 2070 1237 2106 illorum
1274 2068 1493 2115 animosque

104 2142 351 2190 confirmavit,
372 2146 410 2178 et
428 2141 564 2178 allatus
584 2140 695 2177 simul
714 2140 882 2184 nuntius,
905 2138 1108 2174 ‘Barbaros
1136 2136 1329 2173 Euboeam
1344 2135 1497 2171 circum-

104 2209 325 2257 navigantes
352 2208 519 2245 maxima
545 2212 673 2244 coorta
696 2211 923 2254 tempestate
949 2209 1102 2241 cunctos
1130 2201 1305 2252 periisse.’
1361 2201 1495 2248 Itaque

105 2275 237 2313 eadem
251 2275 326 2312 diei
340 2275 434 2312 hora
447 2287 521 2323 qua
535 2273 667 2322 pridie,
684 2273 842 2309 sublatis
858 2271 1013 2317 ancoris,
1031 2271 1070 2307 in
1085 2270 1287 2306 Persarum
1300 2280 1416 2305 naves
1430 2267 1496 2303 im-

105 2348 236 2391 petum
253 2343 443 2380 fecerunt:
473 2353 632 2390 quarum
656 2340 855 2385 permultis
874 2338 1071 2384 corruptis,
1091 2338 1291 2386 ingruente
1318 2339 1429 2371 noete
1448 2333 1496 2370 ad
