1591 2492
104 65 204 91 PART
224 56 302 106 111.]
557 55 801 92 SPARTAN
832 54 1006 92 KINGS.
1430 66 1474 98 41

356 249 628 286 v111.—TH
637 249 671 285 E
702 250 980 286 SPARTAN
1013 250 1220 287 KINGS.

156 329 482 369 127.—Honores
495 333 533 366 et
544 329 742 378 privilegia
753 329 903 379 regibus
916 329 1113 379 Spartanis
1125 330 1270 367 tributa
1281 330 1372 367 haec
1385 334 1482 368 sunt.

103 397 320 436 Sacerdotia
338 396 425 443 duo,
445 396 547 434 Iovis
569 396 856 434 Lacedaemonii
875 402 914 434 et
931 397 1033 435 Iovis
1059 397 1240 436 Caelestis
1258 413 1265 435 :
1293 402 1376 435 tum
1394 398 1484 435 belli

103 463 289 502 inferendi
315 468 505 513 potestas:
545 464 603 501 cui
630 464 811 512 potestati
838 464 1070 501 intercedere
1097 477 1208 502 nemo
1238 468 1366 514 potest
1393 465 1484 514 quin

103 532 236 581 capitis
272 531 484 569 damnetur.
567 530 692 577 Quum
719 531 759 568 in
786 531 929 569 bellum
955 532 1256 581 proficiscuntur,
1285 533 1397 581 primi
1433 533 1486 568 in-

106 598 245 637 cedunt
271 611 389 648 reges,
409 598 590 647 postremi
617 597 802 636 redeunt:
831 612 853 636 a
881 598 1036 636 delectis
1063 599 1155 637 viris
1180 603 1331 636 centum
1358 599 1397 636 in
1425 612 1486 636 ex-

104 666 221 703 ercitu
241 664 516 702 custodiuntur.
563 664 739 702 Victimis
775 670 936 703 utuntur
965 666 1005 702 in
1032 665 1349 715 expeditionibus,
1380 671 1486 715 quot-

105 745 264 782 cumque
291 732 426 770 volunt
438 746 448 779 3
481 737 519 769 et
544 732 712 769 omnium
738 732 1018 770 immolatarum
1044 732 1231 782 pecudum
1250 738 1288 770 et
1304 733 1420 782 pelles
1447 738 1486 770 et

105 804 212 850 terga
231 800 427 849 accipiunt.

452 890 578 929 leeir
596 891 775 930 honours
797 891 839 929 in
861 891 961 930 time
978 891 1031 942 of
1032 898 1159 941 peace.

156 975 357 1016 128.—In
369 988 458 1025 pace
471 975 613 1013 eisdem
624 975 784 1013 honores
798 980 836 1013 et
847 976 1015 1025 praemia
1027 989 1201 1014 concessa
1213 980 1311 1014 sunt.
1347 975 1388 1013 Si
1403 977 1486 1026 quis

102 1044 294 1095 publicum
312 1043 403 1081 facit
421 1043 653 1089 sacrificium,
673 1043 785 1092 primi
804 1043 844 1080 in
863 1055 978 1081 coena
992 1042 1125 1081 sedent
1142 1056 1248 1093 reges
1264 1058 1274 1090 3
1302 1047 1341 1080 et
1360 1044 1408 1081 ab
1426 1043 1486 1081 his

102 1113 145 1150 fit
181 1110 530 1149 distribuendorum
566 1110 735 1147 ciborum
762 1111 914 1148 initium
927 1125 937 1158 ;
982 1111 1036 1149 ita
1066 1111 1221 1161 quidem
1257 1115 1301 1148 ut
1336 1111 1486 1160 utrique

101 1181 181 1231 regi
212 1180 355 1229 duplex
381 1178 504 1228 portio
532 1178 732 1216 tribuatur.
788 1179 834 1215 In
862 1179 1037 1217 omnibus
1064 1179 1164 1217 ludis
1191 1178 1298 1217 sedes
1326 1179 1487 1228 optimas

102 1248 252 1285 habent.
309 1246 393 1283 Rex
411 1250 569 1295 uterque
588 1244 683 1282 duos
701 1246 873 1283 nominat
892 1246 1051 1295 Pythios
1067 1262 1074 1285 :
1102 1251 1192 1284 sunt
1210 1251 1337 1284 autem
1356 1246 1488 1295 Pythii

104 1315 203 1353 cives
236 1314 301 1364 qui
329 1312 499 1362 Delphos
530 1313 738 1350 mittuntur
770 1314 920 1351 oracula
949 1313 1171 1352 consultum.
1248 1313 1408 1360 Quando
1440 1313 1488 1350 ad

103 1395 257 1420 coenam
275 1394 352 1418 non
379 1381 538 1418 veniunt
565 1393 681 1430 reges,
702 1381 852 1430 utrique
875 1381 1030 1418 domum
1058 1382 1162 1419 cibus
1190 1386 1229 1419 et
1246 1381 1379 1419 vinum
1405 1381 1489 1418 mit-

105 1454 237 1488 tuntur
249 1463 260 1497 3
278 1448 538 1498 praesentibus
564 1460 654 1485 vero
673 1447 815 1497 duplex
833 1448 958 1497 portio
976 1448 1167 1486 tribuitur.
1225 1448 1401 1486 Iudicant
1419 1447 1488 1485 soli

106 1530 212 1567 reges
230 1517 277 1554 de
297 1516 471 1553 omnibus
489 1515 610 1552 rebus.

443 1623 611 1672 Respect
618 1622 730 1672 paz'd
745 1628 783 1660 to
805 1622 911 1660 tlzem
931 1621 1046 1660 when
1068 1623 1179 1661 dead.

137 1702 370 1742 129.—1sta
380 1701 497 1750 igitur
508 1700 724 1738 viventibus
736 1700 887 1750 regibus
899 1700 1066 1749 praemia
1077 1700 1316 1738 tribuuntur:
1331 1699 1490 1736 mortuis

105 1783 193 1808 vero
206 1770 348 1807 haecce.
396 1768 588 1805 Nuntiant
602 1768 746 1817 equites
760 1772 922 1805 mortem
936 1768 1035 1817 regis
1049 1781 1116 1817 per
1130 1772 1251 1805 totam
1263 1767 1465 1805 Laconiam
1483 1782 1489 1804 :

104 1839 144 1876 in
162 1838 255 1875 urbe
274 1849 363 1873 vero
391 1835 662 1872 circumeuntes
680 1834 855 1872 mulieres
874 1835 1036 1872 lebetem
1063 1835 1226 1884 pulsant.
1283 1834 1365 1881 Quo
1392 1834 1491 1871 facto

105 1919 154 1943 ex
181 1916 329 1954 quaque
365 1902 477 1939 domo
505 1902 564 1939 vir
599 1906 637 1939 et
664 1902 805 1939 femina
831 1902 935 1940 luctu
964 1902 1163 1952 squalent:
1195 1901 1235 1939 id
1267 1902 1308 1938 ni
1336 1901 1490 1947 faciunt,

105 1986 259 2024 gravem
285 1971 445 2009 multam
473 1970 679 2008 incurrunt.
735 1970 890 2007 Mortuo
909 1983 996 2020 rege
1015 1983 1145 2008 omnes
1163 1969 1332 2019 undique
1358 1974 1494 2007 coeunt

107 2040 206 2078 cives
242 2039 290 2077 ad
316 2039 429 2076 funus
457 2037 770 2087 prosequendum.
827 2037 937 2084 Quod
965 2038 995 2075 si
1025 2038 1065 2074 in
1093 2037 1193 2075 bello
1224 2041 1397 2075 mortuus
1424 2040 1492 2083 est,

107 2108 187 2145 eius
212 2105 455 2144 simulacrum
482 2105 676 2155 effingunt,
705 2110 744 2142 et
778 2105 933 2154 pulchre
961 2110 1080 2142 strato
1107 2104 1244 2142 lectulo
1277 2104 1495 2153 impositum

107 2175 278 2212 efferunt.
329 2172 489 2222 Sepulto
507 2185 595 2222 rege
613 2185 681 2222 per
699 2171 831 2209 decem
850 2171 931 2208 dies
946 2170 990 2207 fit
1008 2170 1143 2220 ingens
1161 2169 1297 2207 luctus.
1350 2171 1494 2209 Mortui

106 2240 205 2291 regis
225 2251 412 2277 successor
430 2239 469 2275 in
491 2238 597 2287 regni
616 2238 674 2275 sui
698 2238 871 2287 auspiciis
890 2251 973 2275 aere
992 2238 1115 2275 alieno
1129 2238 1267 2275 liberat
1285 2238 1494 2287 quemlibet

106 2308 337 2350 Spartanum
