1591 2492
0 2411 3 2492 ἰ

588 598 732 632 PART
752 598 823 632 HJ.

380 746 796 783 1.—SYLOSON’S
828 746 1048 784 CLOAK.

507 875 545 913 A
572 875 803 914 seasonable
815 875 916 926 gift.

75 961 381 1001 107.—SAMUM
396 961 495 1010 cepit
509 974 577 998 rex
591 961 730 998 Darius
747 961 795 999 ob
810 961 906 998 hanc
922 974 1090 999 caussam
1141 963 1223 1008 Quo
1239 966 1407 1010 tempore

21 1028 226 1077 Cambyses
257 1028 538 1078 expeditionem
568 1029 607 1065 in
636 1029 857 1078 Aegyptum
887 1029 1061 1078 suscepit,
1089 1028 1243 1078 pmrimi
1273 1026 1406 1066 Graeci

21 1098 61 1134 in
79 1098 298 1146 Aegyptum
323 1100 506 1133 venerant
518 1110 529 1142 3
557 1095 620 1133 alii
647 1095 868 1145 negotiandi
896 1109 1035 1142 caussa,
1057 1095 1120 1133 alii
1147 1100 1191 1132 ut
1217 1095 1408 1144 regionem

22 1168 245 1214 spectarent.
312 1163 460 1200 Horum
489 1163 529 1200 in
561 1176 718 1201 numero
747 1169 829 1201 erat
856 1163 1029 1213 Syloson‚
1049 1163 1167 1201 frater
1186 1162 1409 1211 Polycratis,

23 1231 135 1269 Samo
154 1231 339 1268 exsulans.
396 1231 496 1268 Huic
512 1231 705 1280 Sylosonti
719 1231 805 1268 talis
825 1230 1010 1281 quaedam
1024 1231 1178 1268 fortuna
1197 1229 1324 1267 oblata
1343 1234 1408 1267 est.

24 1300 149 1346 Quum
167 1299 324 1337 rutilum
342 1299 499 1348 pallium
519 1300 750 1348 sumpsisset,
771 1300 841 1337 hoc
861 1299 1114 1337 circumdatus
1143 1297 1414 1336 obambulabat

25 1366 195 1416 Memphi
213 1367 253 1403 in
271 1366 363 1404 foro.
421 1365 541 1413 Quem
568 1366 635 1403 ubi
663 1366 860 1416 conspexit
879 1366 1029 1413 Darius,
1051 1366 1116 1415 qui
1145 1365 1294 1403 satelles
1322 1369 1414 1401 tunc

26 1440 107 1473 erat
125 1434 335 1484 Oambysis‚
356 1434 531 1484 cupidine
559 1434 665 1483 pallii
693 1439 836 1484 captus,
857 1433 952 1471 adiit
979 1433 1221 1483 Sylosontem
1249 1436 1293 1470 ut
1319 1431 1415 1469 illud

27 1508 176 1542 emeret.
246 1502 407 1552 Syloson
434 1502 565 1540 divino
594 1502 758 1552 quodam
785 1503 968 1540 instinctu
998 1503 1074 1540 ait:
1104 1505 1113 1522 ‘
1129 1500 1318 1551 Equidem
1345 1499 1417 1537 hoc

26 1571 183 1621 pallium
214 1570 319 1608 nullo
350 1570 472 1620 pretio
491 1569 639 1608 vendo:
677 1569 726 1607 do
759 1570 830 1608 tibi
859 1569 1000 1620 gratiss
1066 1569 1148 1616 Quo
1176 1567 1332 1606 laudato
1363 1580 1415 1605 re-

28 1652 176 1689 sponso,
195 1638 334 1676 Darius
353 1638 509 1687 pallium
529 1638 673 1687 accipit.

445 1791 518 1829 An
540 1791 631 1830 idea
650 1789 800 1829 stm'lecs
823 1789 1003 1841 Syloson.

85 1877 444 1917 108.—-Interiecto
459 1889 548 1913 vero
568 1881 749 1925 tempore,
764 1881 968 1925 postquam
986 1880 1137 1914 mortuo
1154 1876 1342 1925 Cambyse
1358 1876 1420 1914 ad-

32 1958 162 1982 versus
188 1944 347 1994 Magum
367 1943 656 1981 coniuraverant
674 1948 819 1993 septem
838 1944 922 1990 viri,
943 1948 981 1981 et
1010 1957 1057 1981 ex
1086 1948 1231 1993 septem
1249 1944 1418 1982 virorum

31 2025 188 2050 numero
207 2012 346 2050 Darius
374 2012 531 2061 imperio
558 2011 703 2061 potitus
732 2016 824 2057 erat,
846 2011 1007 2060 Syloson
1030 2011 1174 2049 donum
1201 2011 1420 2049 recordatus

33 2084 100 2118 est.
156 2080 291 2129 Itaque
320 2081 415 2117 Susa
434 2079 541 2125 adiit,
561 2078 770 2129 sedensque
785 2079 824 2116 in
839 2079 1028 2117 vestibulo
1049 2079 1200 2117 aedium
1218 2080 1419 2129 regiarum,

34 2148 99 2194 ait,
121 2151 129 2168 ‘
145 2147 226 2197 Ego
245 2147 292 2185 de
311 2147 428 2185 Dario
448 2147 544 2184 bene
562 2146 705 2184 merui'
760 2146 870 2193 Quod
890 2147 956 2184 ubi
974 2147 1122 2185 audivit
1135 2152 1268 2197 portae
1286 2151 1423 2193 custos,

35 2215 270 2253 renuntiavit
291 2214 380 2265 regi.
436 2214 575 2252 Darius
594 2214 752 2251 miratus
772 2215 837 2260 ait,
859 2219 867 2235 ‘
884 2215 976 2262 Quis
1003 2216 1160 2254 tandem
1193 2217 1359 2256 Graecus
1378 2214 1424 2252 de

37 2295 97 2320 me
115 2282 212 2320 bene
229 2282 368 2319 meruit
384 2283 397 2318 'l
450 2281 529 2319 Vix
547 2293 644 2318 unus
663 2286 729 2318 aut
747 2281 873 2319 nullus
892 2281 1015 2320 adhuc
1027 2296 1075 2320 ex
1089 2284 1154 2322 illa
1165 2290 1278 2334 gente
1298 2285 1346 2323 ad
1365 2299 1424 2322 me

38 2349 216 2388 ascendit.
271 2349 416 2386 Verum
432 2354 559 2386 tamen
578 2348 774 2397 producite
795 2349 903 2388 eum.’

702 2428 726 2454 C
