1591 2492
84 67 188 93 PART
208 55 250 107 1.]
601 57 932 95 ANECDOTES.
1428 72 1471 106 13

85 171 255 208 omnium
271 171 567 208 Atheniensium
586 172 730 209 bonum
747 172 872 208 virum
895 174 1112 212 existimat)
1185 173 1284 210 Tum
1303 173 1471 212 Phocion

86 239 233 288 inquit:
264 243 273 260 ‘
285 239 407 276 Aufer
424 240 622 289 pecuniam
635 254 645 286 3
672 239 795 276 bonus
815 252 894 277 esse
913 240 1036 278 malo.’

515 376 553 414 T
550 375 598 415 lae
607 383 749 426 power
767 376 945 428 offilz‘al
960 377 1054 416 love.

130 462 414 508 47.—Croes0,
434 462 578 511 Lydiae
610 463 700 512 regi,
722 462 820 500 filius
852 467 944 509 erat,
974 463 1114 500 eximia
1145 463 1266 501 forma
1298 469 1336 501 et
1368 478 1468 513 prae-

79 530 196 567 stanti
215 530 367 580 ingenio
381 544 391 577 3
419 530 523 579 loqui
548 535 676 567 autem
704 543 781 567 non
808 535 968 580 poterat.
1026 530 1140 568 Omni
1168 536 1248 569 arte
1276 533 1334 569 usi
1362 538 1471 570 erant

80 598 224 644 medici,
245 598 341 634 nihil
360 602 489 635 tamen
508 599 651 636 efficere
676 603 892 647 potuerunt.
950 599 1132 636 Sardibus
1160 613 1182 636 a
1209 599 1310 648 Cyro
1339 602 1469 650 captis,

78 666 184 703 miles
217 666 373 715 quidam
405 667 537 703 stricto
568 666 696 716 gladio
728 667 768 703 in
800 666 983 704 Croesum
1014 668 1192 706 irruebat.
1249 668 1347 705 Tum
1378 682 1472 718 puer

77 747 202 771 amore
222 738 444 781 commotus,
465 747 613 771 summa
630 734 669 771 vi
697 734 801 783 loqui
829 739 985 772 conatus
1013 740 1079 773 est.
1136 735 1307 773 Tandem
1334 750 1472 786 magna

77 815 166 840 voce
185 802 435 840 exclamavit:
466 806 474 823 ‘
490 802 549 839 Ne
569 807 716 851 patrem
735 815 862 839 meum
882 803 1064 840 Croesum
1083 803 1339 843 interfeceris.'

669 949 706 985 A
734 955 869 987 refert.

125 1034 378 1074 48.—Venit
397 1034 487 1071 olim
519 1033 673 1083 quidam
707 1034 754 1070 ad
787 1034 1027 1083 Aristippum
1054 1034 1334 1084 philosophum,
1356 1035 1465 1084 eique

73 1103 198 1141 dixit:
243 1103 386 1140 ‘Visne
424 1102 545 1139 filium
580 1115 707 1139 meum
744 1107 843 1139 artes
880 1107 965 1139 tuas
1002 1102 1183 1140 docere‘l'
1248 1103 1464 1153 Respondit

74 1171 314 1220 Aristippus:
362 1170 470 1207 ‘Hoc
507 1170 683 1219 equidem
719 1170 864 1215 faciam,
903 1170 1065 1219 acceptis
1102 1170 1249 1208 duobus
1286 1171 1464 1209 talentis.'

74 1241 188 1277 Pater
207 1244 333 1276 autem
352 1239 473 1288 pretio
494 1239 710 1284 exterritus,
731 1238 852 1275 dixit:
884 1238 962 1274 ‘At
989 1252 1140 1275 servum
1165 1239 1322 1276 minoris
1342 1253 1465 1276 emere

72 1307 247 1358 possum?
319 1307 462 1344 Contra
508 1306 737 1355 Aristippus,
778 1306 877 1343 ‘Fac
913 1306 1049 1344 hocce:
1095 1307 1149 1344 ita
1194 1307 1288 1344 duos
1335 1321 1463 1345 servos

72 1375 252 1413 habebis!

541 1497 577 1533 A
588 1509 613 1533 72
634 1495 888 1545 affi’clz'onate
895 1496 994 1546 fisll.

121 1583 358 1623 49.-—Olim
377 1582 533 1632 delphin
553 1582 759 1619 amicitiam
782 1595 866 1619 cum
894 1595 1010 1632 puero
1038 1583 1204 1632 quodam
1231 1584 1464 1621 contraxisse

71 1652 220 1690 dicitur.
278 1651 457 1698 Quotidie
485 1656 612 1688 autem
640 1664 662 1688 a
688 1664 804 1700 puero
833 1656 1000 1697 vocatus,
1030 1651 1151 1688 frusta
1177 1651 1286 1701 panis
1314 1652 1466 1701 accipie-

71 1721 147 1759 bat.
202 1720 250 1756 In
278 1732 464 1756 summam
491 1732 628 1768 aquam
656 1719 845 1764 veniebat,
875 1724 923 1764 et,
954 1719 1115 1768 acceptis
1143 1719 1284 1765 frustis,
1305 1733 1463 1769 puerum

71 1788 183 1825 dorso
211 1788 433 1837 excipiebat.
490 1787 644 1824 Mortuo
672 1800 800 1836 puero,
832 1787 989 1836 delphin
1017 1801 1105 1836 prae
1134 1788 1263 1826 dolore
1291 1794 1464 1826 mortuus

71 1869 151 1894 esse
171 1856 318 1894 dicitur.

535 1977 750 2015 Practical
756 1976 1002 2027 philosophy.

124 2064 409 2104 50.—-Iuvenis
428 2063 583 2113 quidam
603 2063 669 2100 diu
688 2063 788 2112 apud
808 2063 1000 2100 Zenonem
1018 2063 1287 2113 philosophum
1303 2063 1461 2101 vixerat.

72 2132 238 2169 Domum
257 2132 413 2169 tandem
431 2131 555 2169 rediit.
612 2131 710 2168 Tum
729 2136 837 2180 pater
860 2145 945 2168 eum
972 2136 1217 2180 percontatur
1235 2132 1294 2169 his
1314 2132 1439 2169 verbis
1455 2147 1462 2168 :

73 2205 81 2221 ⁶
99 2200 200 2247 Quid
220 2200 398 2247 didicisti,
418 2201 472 2237 mi
491 2200 544 2237 fili
558 2202 571 2237 2
584 2200 592 2215 '
645 2200 789 2237 Contra
804 2200 914 2246 filius,
936 2203 944 2220 ‘
962 2200 1045 2237 Hoc
1061 2200 1143 2246 tibi,
1159 2205 1278 2250 pater,
1295 2200 1464 2237 moribus

73 2268 166 2306 meis
193 2269 438 2306 monstrabo.'
493 2269 576 2305 Hoc
604 2281 826 2317 responsum
854 2268 1059 2317 aegerrime
1087 2268 1211 2305 ferens
1238 2273 1358 2317 pater,
1379 2281 1464 2305 eum

75 2337 200 2386 flagris
219 2337 409 2374 laceravit.
468 2337 599 2386 Inquit
618 2337 727 2382 filius,
752 2337 867 2373 ‘iram
887 2337 1006 2385 patris
1027 2336 1124 2373 ferre
1145 2335 1282 2374 didici!
