1591 2492
153 87 202 122 80
555 87 686 123 EASY
714 87 882 123 LATIN
912 86 1149 124 STORIES.
1353 84 1473 136 [PART
1491 98 1542 124 iv.

151 199 239 246 sole,
260 212 308 236 ex
335 212 448 237 aurea
474 199 603 249 phiala
629 199 762 237 vinum
781 200 930 237 Xerxes
957 200 1058 237 fudit
1085 200 1124 237 in
1147 213 1261 248 mare,
1283 204 1322 237 et
1350 199 1398 237 ad
1426 200 1543 238 solem

151 279 352 305 conversus
379 272 552 317 precatus
579 272 648 316 est,
671 271 739 305 ‘ne
767 268 851 317 quis
879 269 951 306 sibi
978 267 1163 306 accideret
1189 281 1305 316 casus,
1327 269 1392 318 qui
1419 269 1543 318 ipsum

151 340 301 386 cogeret
319 349 341 374 a
368 335 578 386 subigenda
605 336 757 385 Europa
783 335 975 384 desistere,
1004 336 1109 386 prius
1136 350 1250 386 quam
1277 336 1326 374 ad
1353 341 1543 375 extremos

151 404 333 441 terminos
368 403 624 453 pervenisset.'
691 404 860 441 Peractis
897 404 1082 453 precibus,
1120 404 1287 454 phialam
1322 404 1362 442 in
1399 404 1543 442 Helles-

150 478 310 522 pontum
328 473 497 522 proiecit,
514 472 700 522 simulque
719 485 875 509 aureum
890 476 1081 519 craterem,
1098 476 1137 509 et
1150 472 1343 509 Persicum
1360 471 1540 522 gladium,

151 552 263 588 quem
289 540 479 577 acinacem
505 543 652 578 vocant.
708 539 811 576 Illud
839 543 966 576 autem
993 543 1095 576 certo
1123 538 1246 576 dicere
1272 552 1350 576 non
1377 551 1541 588 possum,

150 613 279 645 utrum
297 608 337 645 in
356 608 444 645 solis
462 608 645 645 honorem
665 607 729 644 illa
748 607 788 644 in
806 620 909 644 mare
928 606 1138 656 proiecerit,
1159 620 1207 644 an
1225 607 1322 644 mari
1349 607 1540 654 obtulerit,

151 677 387 726 poenitentia
405 675 603 722 adductus,
624 675 727 725 quod
746 675 1040 725 Hellespontum
1059 675 1217 724 flagellis
1237 674 1342 712 caedi
1368 674 1538 713 iusserat.

151 743 223 781 His
241 744 354 782 rebus
373 743 533 794 peractis
553 743 845 793 Hellespontum
865 743 993 792 copiae
1011 743 1250 781 traiecerunt.

585 861 668 900 Tlae
687 862 808 901 order
826 862 879 911 of
891 861 956 901 tlce
976 861 1124 900 march.

201 949 441 988 228.—Per
455 948 616 986 alterum
631 948 786 997 quidem
804 962 824 986 e
843 948 1033 998 pontibus,
1047 947 1223 997 pedester
1241 948 1428 986 transibat
1440 961 1542 985 exer-

151 1017 245 1054 citus
258 1021 296 1054 et
308 1017 498 1066 equitatus
511 1016 649 1054 omnis:
662 1029 730 1066 per
741 1016 903 1053 alterum
913 1029 1014 1063 vero,
1022 1016 1192 1053 iumenta
1203 1029 1288 1053 cum
1299 1015 1542 1065 impedimen-

150 1084 210 1130 tis,
232 1088 270 1121 et
288 1083 517 1121 famulorum
535 1084 656 1121 turba.
713 1083 998 1121 Praecedebant
1025 1083 1154 1121 decem
1181 1082 1301 1120 millia
1327 1083 1539 1130 Persarum,

150 1152 318 1189 coronati
337 1165 489 1189 omnes:
518 1164 611 1201 quos
630 1151 858 1200 sequebatur
884 1151 1028 1189 im'xtus
1056 1164 1104 1188 ex
1130 1150 1245 1188 variis
1272 1150 1421 1200 populis
1440 1164 1542 1188 exer-

150 1220 254 1257 citus.
322 1219 376 1257 Hi
407 1219 530 1269 primo
562 1219 633 1257 die.
700 1219 901 1266 Postridie,
935 1219 1100 1268 primum
1129 1219 1285 1268 equites,
1319 1223 1358 1256 et
1389 1219 1445 1256 illi
1476 1218 1541 1268 qui

149 1287 296 1325 lanceas
315 1287 363 1324 ad
381 1291 523 1324 terram
542 1300 739 1325 conversas
757 1287 958 1337 gestabant
974 1302 980 1324 :
1001 1286 1115 1323 etiam
1133 1286 1174 1323 hi
1193 1286 1383 1324 coronati:
1403 1285 1540 1324 deinde

149 1354 237 1404 equi
265 1355 368 1402 sacri,
391 1359 430 1392 et
457 1368 560 1392 sacer
587 1368 738 1392 currus:
766 1359 850 1392 tum
876 1355 956 1404 ipse
984 1354 1141 1391 Xerxes.
1197 1353 1346 1391 Deinde
1373 1353 1540 1402 reliquus

149 1423 346 1461 exercitus.
402 1423 572 1460 Narrant
590 1427 717 1460 autem
736 1422 910 1460 nonnulli
925 1426 1105 1468 auctores,
1122 1425 1356 1470 postremum
1370 1420 1539 1458 omnium

148 1491 342 1528 transiisse
360 1504 497 1541 regem.

620 1609 657 1647 Α
686 1608 933 1647 7722'7‘acltl0ns
953 1607 1072 1646 birllc.

199 1686 602 1727 229.—Transveotis
622 1687 806 1733 omnibus,
828 1691 866 1723 et
888 1686 960 1723 iter
978 1686 1136 1722 ulterius
1155 1684 1467 1735 ingredientibus,
1486 1684 1537 1721 in-

147 1768 240 1805 gens
259 1754 430 1792 oblatum
445 1759 502 1791 est
516 1754 740 1804 prodigium,
757 1753 860 1791 cuius
871 1753 1057 1790 rationem
1072 1753 1216 1790 nullam
1232 1752 1378 1790 Xerxes
1390 1752 1533 1798 habuit,

148 1823 321 1872 quamvis
357 1822 475 1860 facilis
511 1822 645 1859 fuisset
680 1822 760 1859 eius
795 1821 1082 1871 interpretatio:
1111 1834 1207 1870 equa
1243 1820 1344 1857 enim
1370 1820 1536 1869 leporem

146 1891 302 1940 peperit.
359 1891 483 1928 Facile
511 1895 638 1928 autem
665 1889 760 1927 illud
787 1894 868 1927 erat
894 1890 934 1926 in
962 1889 1062 1926 hunc
1089 1889 1245 1927 modum
1272 1888 1513 1938 interpretari
1526 1902 1536 1935 3

148 1958 338 1995 ‘Xerxem
356 1958 502 2008 ingenti
522 1957 676 2006 quidem
703 1958 802 1994 fastu
831 1961 869 1993 et
887 1957 1167 2006 magnificentia
1194 1956 1402 1994 exercitum
1424 1969 1534 1993 suum

146 2026 348 2063 ducturum
380 2038 459 2062 esse
491 2025 531 2062 in
563 2025 769 2072 Graeciam,
804 2023 870 2061 sed
907 2037 991 2061 cum
1023 2024 1196 2074 propriae
1231 2023 1333 2061 vitae
1369 2023 1533 2072 periculo

146 2094 306 2132 eundem
324 2095 363 2131 in
382 2094 507 2132 locum
525 2093 759 2131 rediturum.'

568 2212 606 2249 Α
632 2224 721 2249 new
741 2223 832 2260 way
851 2210 904 2260 os
915 2210 1115 2261 countz'ng.

192 2297 482 2344 230.—Quum
497 2297 545 2334 ad
560 2296 707 2334 Dorisci
725 2295 923 2345 planitiem
941 2295 1174 2344 pervenisset
1193 2294 1388 2343 exercitus,
1409 2295 1526 2333 Xerxi

139 2366 277 2415 placuit
311 2366 475 2415 reperire
511 2369 605 2414 quot
640 2364 712 2402 sibi
748 2368 873 2401 essent
908 2363 1057 2401 milites.
1115 2363 1325 2409 Quemnam
1360 2363 1523 2401 militum
