1591 2492
131 85 179 119 32
532 76 663 112 EASY
692 76 859 111 LATIN
889 76 1122 113 STORIES.
1334 79 1457 126 [PART
1477 90 1520 115 11.

130 186 291 223 invicem
316 199 385 236 ego
413 186 513 224 dona
539 187 673 224 haecce
701 188 849 225 tribuo:
878 188 917 225 in
944 202 1115 226 meorum
1142 189 1337 239 hospitum
1363 204 1519 229 numero

131 257 167 289 te
196 266 359 302 repono:
396 254 444 291 do
472 254 543 291 tibi
573 255 687 291 etiam
718 268 899 304 magnum
934 256 1015 293 auri
1047 257 1205 305 pondus.
1279 258 1399 307 Perge
1430 271 1519 296 vero

129 322 291 358 retinere
323 335 418 370 quae
450 322 694 371 acquisivisti,
728 336 770 360 ac
802 336 949 372 semper
984 323 1101 361 talem
1132 329 1170 361 te
1202 325 1327 362 virum
1357 330 1519 374 praesta.

130 389 234 426 Haec
253 389 465 437 facientem,
485 403 608 440 neque
627 403 738 437 nunc,
758 403 826 428 nec
846 391 884 428 in
903 396 1098 440 posterum
1118 396 1154 429 te
1173 393 1406 442 poenitebit.'
1448 441 1451 443 ι

503 554 676 590 V1.—A
708 554 866 590 BALD
900 554 1151 591 PEOPLE.

183 642 497 682 loa—Radices
526 643 689 679 altorum
709 643 897 680 montium
924 643 1102 681 habitant
1129 645 1313 691 homines,
1334 645 1399 694 qui
1422 645 1518 682 calvi

127 718 215 749 sunt
235 725 375 757 omnes,
395 725 516 748 mares
535 712 676 761 pariter
699 716 811 760 atque
831 712 1004 758 feminae,
1025 717 1063 749 et
1091 713 1184 749 simo
1204 725 1305 750 naso.
1362 713 1517 749 Vestem

126 785 277 830 gestant
292 780 517 828 Scythicam,
532 784 696 817 ceterum
709 781 886 817 arborum
897 780 1021 817 fructu
1034 781 1153 817 vitam
1166 784 1391 818 sustentant.
1421 781 1518 817 Pon-

126 848 241 885 ticum
261 861 398 884 nomen
419 848 563 885 arboris
583 852 651 893 est,
672 861 747 897 qua
766 848 921 885 aluntur
933 863 944 896 ;
971 849 1041 886 fico
1060 849 1268 887 admodum
1295 850 1428 888 similis
1447 855 1513 889 est.

126 915 307 952 Fructum
337 920 465 952 autem
494 915 568 951 fert
603 914 712 952 fabae
749 914 922 961 similem,
954 915 1129 952 nucleum
1161 915 1264 952 intus
1300 914 1512 951 habentem.

125 982 299 1019 Maturos
318 982 462 1019 fructus
487 982 623 1031 pannis
643 981 872 1028 custodiunt,
894 986 943 1028 et,
965 983 1029 1031 qui
1054 983 1102 1019 ab
1120 983 1166 1019 iis
1185 982 1318 1019 defluit
1344 982 1452 1031 niger
1477 985 1516 1018 et

126 1063 282 1096 crassus,
299 1050 484 1099 liquorem
504 1054 542 1087 et
569 1050 732 1100 lingunt,
753 1055 791 1087 et
818 1050 914 1087 lacte
941 1050 1106 1087 mixtum
1133 1050 1280 1088 bibunt.
1336 1050 1397 1087 Ex
1414 1050 1515 1087 faece

125 1131 266 1155 massas
294 1119 508 1165 conficiunt,
529 1119 666 1168 quibus
692 1122 905 1156 vescuntur.
962 1118 1146 1155 Pecorum
1173 1131 1250 1155 non
1277 1131 1415 1168 magna
1441 1118 1515 1155 illis

125 1186 230 1235 copia
258 1191 324 1224 est.
392 1186 561 1233 Quilibet
592 1186 863 1235 paterfamilias
895 1187 964 1223 sub
993 1187 1125 1223 arbore
1152 1186 1311 1223 habitat.
1378 1186 1514 1222 Hieme

124 1254 278 1303 quidem
305 1255 477 1292 arborem
505 1259 641 1304 tegunt
668 1254 833 1303 tegmine
862 1267 881 1291 e
909 1254 996 1291 lana
1022 1254 1132 1292 facto.
1200 1254 1272 1291 His
1299 1254 1515 1290 hominibus

124 1335 234 1359 nemo
254 1322 430 1358 iniuriam
449 1322 564 1359 infert
581 1337 588 1359 :
618 1322 712 1358 sacri
731 1322 832 1358 enim
846 1322 1036 1359 habentur
1043 1336 1053 1368 3
1080 1334 1148 1358 nec
1164 1335 1267 1358 arma
1286 1321 1363 1358 ulla
1381 1321 1514 1358 bellica

123 1389 267 1427 habent
274 1405 284 1436 3
304 1389 418 1426 iidem
438 1394 476 1427 et
494 1390 742 1426 finitimomm
762 1390 1035 1427 controversias
1053 1389 1246 1427 dirimunt.
1286 1389 1358 1426 His
1376 1402 1512 1426 nomen

125 1462 182 1494 est
200 1457 409 1507 Argipaeis.

330 1643 622 1680 VIL—THE
654 1643 832 1680 FIRST
861 1643 1141 1681 WOODEN
1175 1644 1305 1681 LEG.

179 1741 426 1781 loa—Erat
445 1740 536 1777 olim
556 1740 841 1790 Hegesistratus
863 1740 1029 1789 quidam,
1047 1754 1159 1790 quem
1179 1741 1359 1790 Spartani
1377 1741 1416 1778 in
1436 1741 1514 1778 vin-

126 1809 208 1846 cula
237 1808 483 1845 coniecerant.
540 1807 610 1844 Ille
640 1821 741 1853 vero,
761 1807 832 1845 hac
861 1807 1076 1845 calamitate
1113 1808 1401 1854 circumventus,
1435 1821 1511 1845 non

124 1876 238 1914 modo
266 1875 400 1925 capitis
427 1875 649 1912 imminente
674 1888 807 1924 poena,
827 1874 894 1912 sed
924 1879 1012 1912 ante
1039 1879 1201 1912 mortem
1230 1875 1345 1912 etiam
1372 1875 1513 1913 multos

126 1948 347 1993 exspectans
366 1942 525 1988 dolores,
546 1942 690 1979 facinus
710 1942 897 1979 commisit
925 1942 1029 1979 dictu
1048 1942 1277 1980 incredibile.
1333 1942 1512 1980 Ferreum

124 2012 222 2048 forte
253 2012 550 2048 instrumentum
581 2014 725 2055 nactus,
754 2014 903 2059 partem
934 2009 1041 2059 pedis
1079 2010 1151 2047 sibi
1188 2009 1359 2047 abscidit.
1429 2010 1511 2056 Quo

124 2079 235 2124 facto,
255 2078 424 2127 perfosso
452 2077 595 2126 pariete
615 2090 635 2114 e
655 2090 799 2114 carcere
828 2078 971 2126 effugit,
991 2081 1106 2114 noctu
1134 2078 1206 2114 iter
1233 2077 1384 2123 faciens,
1401 2078 1507 2115 inter⁴

125 2147 190 2184 diu
217 2159 307 2183 vero
335 2147 434 2183 inter
452 2146 628 2182 fruticeta
646 2145 778 2182 latens.
834 2144 1005 2182 Audacia
1023 2145 1186 2182 hominis
1206 2145 1407 2194 stupefacti
1425 2150 1513 2182 sunt

125 2214 313 2263 Spartani,
343 2213 408 2262 qui
435 2212 618 2249 videbant
646 2212 850 2249 abscissum
877 2211 1013 2261 pedem
1040 2212 1147 2249 humi
1172 2212 1367 2259 iacentem,
1396 2212 1514 2250 homi-

123 2294 211 2318 nem
244 2285 372 2318 autem
403 2280 568 2329 reperire
597 2292 674 2316 non
703 2284 891 2329 poterant.
958 2279 1030 2317 Ille
1060 2293 1162 2326 vero,
1183 2285 1316 2317 sanato
1343 2280 1512 2328 vulnere,

123 2349 291 2398 ligneum
309 2347 444 2396 pedem
464 2347 536 2384 sibi
554 2347 697 2384 ascivit.
