1591 2492
89 86 192 111 PART
213 74 282 126 1v.]
351 76 466 112 THE
494 76 674 112 THIRD
706 75 967 112 INVASION
998 75 1066 112 OF
1096 75 1324 113 GREECE.
1435 88 1478 122 91

88 187 265 226 hostilem
282 193 404 226 rostro
423 189 544 238 petiit.
593 188 696 236 Quae
715 189 823 226 navis
839 201 956 237 quum
971 188 1080 226 alteri
1095 189 1288 237 implicata
1299 189 1483 235 haereret,

88 270 155 294 nec
183 257 271 294 inde
307 256 430 306 abripi
465 261 601 306 posset,
636 261 719 293 tum
751 256 906 294 demum
943 256 1068 303 ceteri,
1107 257 1249 294 auxilio
1278 257 1483 294 subeuntes

89 323 274 370 Aminiae,
312 337 479 374 pugnam
508 324 786 362 commiserunt.
869 323 1039 361 Narrant
1075 324 1293 373 apparuisse
1331 324 1484 362 Graecis

88 391 255 429 mulieris
275 393 447 442 speciem,
468 405 563 441 quae
583 392 678 438 illos,
700 392 753 429 ita
777 395 821 429 ut
840 392 1039 429 universus
1063 392 1263 430 exaudiret
1282 393 1483 439 exercitus,

89 459 136 496 ad
161 460 310 497 fortiter
333 460 580 509 pugnandum
600 460 752 496 hortata
771 459 820 496 sit
836 474 846 506 ;
874 472 1031 508 eamque
1051 460 1154 508 prius
1175 460 1402 510 increpuisse
1422 473 1484 497 eos

89 527 146 564 his
165 528 311 566 verbis:
333 529 497 574 ‘Miseri,
519 541 711 577 quousque
740 529 778 565 in
798 528 955 577 puppim
975 528 1244 578 remigabitisl'
1300 529 1376 566 Diu
1396 542 1486 578 pug-

89 603 221 634 natum
240 602 307 636 est.
345 597 471 635 Maior
483 610 571 634 vero
586 610 672 646 pars
685 597 881 634 hostilium
900 598 1056 634 navium
1074 597 1114 634 in
1134 597 1203 635 hac
1217 611 1346 647 pugna
1359 599 1481 647 periit.

561 740 644 779 Tloe
663 746 817 779 retreat
835 740 887 790 of
898 741 1068 780 Xerxes.

140 826 448 866 259.—Xerxes
468 840 568 873 vero,
586 827 651 864 ubi
671 831 863 876 acceptam
882 827 980 864 vidit
999 826 1155 873 cladem,
1172 827 1316 865 veritus
1335 841 1382 865 ne
1402 828 1486 877 quis

89 893 226 930 Ionum
254 893 451 931 consilium
488 898 637 943 caperet
664 899 799 943 pontes
836 894 1018 941 solvendi,
1049 894 1179 944 fugam
1214 895 1483 935 meditabatur.

88 961 222 1011 Itaque
241 975 356 999 naves
376 961 423 999 ad
452 962 744 1012 Hellespontum
762 962 878 1008 misit,
899 975 993 1011 quae
1012 968 1147 1012 pontes
1176 963 1423 1010 custodirent,
1443 968 1487 1002 ut

88 1029 128 1066 in
142 1029 275 1066 Asiam
289 1034 395 1067 tutus
409 1029 533 1067 redire
547 1034 684 1080 posset.
723 1029 831 1076 Inde,
846 1030 1050 1068 Mardonio
1063 1043 1148 1068 cum
1164 1031 1332 1069 exercitu
1347 1045 1486 1082 magno

89 1098 128 1136 in
155 1097 350 1135 Thessalia
386 1098 528 1145 relicto,
566 1098 645 1148 ipse
683 1098 731 1136 ad
762 1098 1056 1148 Hellespontum
1093 1099 1300 1138 contendit.
1369 1100 1487 1138 Multi

89 1179 137 1203 ex
155 1166 335 1212 exercitu,
356 1165 447 1203 dum
467 1166 539 1203 iter
558 1166 758 1212 faciebant,
779 1167 912 1204 morbo
932 1172 998 1204 aut
1017 1167 1116 1205 fame
1145 1168 1366 1219 interempti
1385 1173 1484 1207 sunt.

89 1233 250 1272 Constat
277 1238 406 1271 tamen
434 1234 589 1271 domum
617 1234 773 1271 tandem
800 1248 994 1272 reversum
1026 1248 1106 1273 esse
1134 1235 1312 1274 Xerxem.
1370 1237 1485 1275 Anno

88 1302 303 1352 insequenti
325 1302 549 1339 Mardonius
569 1316 590 1339 a
618 1302 771 1340 Graecis
791 1302 839 1340 ad
858 1303 1054 1341 Plataeam
1077 1303 1249 1342 devictus
1268 1310 1335 1343 est.
1392 1305 1487 1343 Tres

88 1370 205 1420 igitur
223 1370 485 1420 expeditiones
514 1370 761 1408 barbarorum
780 1371 820 1407 in
840 1371 1037 1409 Graeciam
1065 1372 1212 1418 missae,
1233 1386 1372 1423 magno
1402 1385 1487 1411 cum

89 1439 318 1477 detrimento
336 1439 507 1488 repulsae
527 1444 627 1485 sunt,
648 1444 686 1477 et
705 1439 839 1478 Graeci
858 1440 968 1478 liberi
988 1447 1198 1480 evaserunt.

468 1585 713 1633 Artemisia,
740 1585 874 1634 Quem
894 1587 946 1637 of
964 1586 1103 1627 Caria.

140 1669 398 1715 260.—1am‚
429 1670 531 1719 quod
560 1671 608 1708 ad
636 1671 729 1708 alios
757 1672 907 1718 attinet,
938 1686 1012 1721 quo
1045 1677 1155 1723 pacto
1188 1674 1328 1723 singuli
1356 1675 1486 1713 barba

89 1751 216 1775 rorum
244 1743 310 1775 aut
338 1738 567 1776 Graecorum
595 1740 862 1789 pugnaverint,
883 1740 1006 1778 dicere
1034 1754 1112 1778 non
1139 1755 1294 1791 possum
1307 1758 1317 1790 3
1346 1743 1412 1780 sed
1438 1743 1486 1780 ad

88 1805 335 1843 Artemisiam
372 1807 473 1856 quod
511 1813 655 1857 spectat
691 1808 782 1846 haec
818 1814 926 1858 gesta
962 1815 1062 1847 sunt.
1131 1810 1341 1860 Postquam
1381 1812 1484 1861 regia

89 1874 215 1912 classis
234 1863 422 1924 in’fugam
443 1888 481 1912 se
499 1876 664 1925 recipere
692 1876 885 1926 inceperat
899 1891 910 1924 3
938 1891 1006 1927 per
1024 1878 1063 1915 id
1083 1882 1235 1928 tempus
1254 1879 1483 1918 Artemisiae

88 1955 225 1980 navem
255 1942 527 1992 insequebatur
553 1944 661 1981 navis
689 1944 829 1982 Attica.
886 1945 936 1982 Et
964 1946 1039 1992 illa,
1070 1959 1188 1995 quum
1216 1948 1379 1997 effugere
1406 1961 1483 1986 non

87 2015 214 2060 posset
228 2025 239 2058 3
267 2011 447 2060 quoniam
466 2015 554 2049 ante
573 2025 656 2049 eam
675 2012 818 2050 multae
837 2013 931 2051 aliae
950 2014 1200 2052 barbarorum
1227 2028 1343 2053 naves
1362 2021 1480 2064 erant,

88 2078 205 2128 ipsius
225 2084 352 2116 autem
379 2079 488 2116 navis
516 2079 689 2117 hostibus
717 2086 816 2118 esset
843 2082 1028 2131 proxima,
1050 2082 1121 2120 hoc
1147 2083 1345 2122 consilium
1372 2085 1481 2134 cepit.

88 2146 214 2194 Quum
233 2147 334 2184 enim
352 2148 513 2185 instaret
531 2148 587 2185 illi
606 2149 738 2186 Attica
764 2150 884 2196 navis,
905 2150 987 2199 ipsa
1005 2164 1143 2188 navem
1168 2151 1335 2201 aliquam
1353 2153 1483 2191 barbar

86 2227 217 2252 rorum
234 2215 380 2265 impetu
399 2216 498 2253 facto
518 2216 641 2266 fregit.
699 2217 798 2255 Tum
825 2218 978 2256 Atticae
997 2220 1106 2257 navis
1124 2226 1274 2267 nautae,
1294 2221 1361 2259 ubi
1379 2221 1483 2259 illam

87 2283 267 2321 viderunt
293 2283 334 2321 in
360 2297 498 2321 navem
530 2284 730 2322 hominum
757 2286 1006 2324 barbare-mm
1033 2288 1155 2325 facere
1182 2288 1380 2338 impetum,
1410 2290 1484 2327 rati

88 2350 316 2387 Artemisiae
335 2364 472 2388 navem
491 2364 572 2388 esse
591 2352 786 2395 Graecam,
801 2358 868 2388 aut
886 2367 908 2389 a
926 2353 1097 2391 barbaris
1117 2355 1165 2391 ad
1181 2355 1346 2392 Graecos
1364 2362 1484 2394 trans-
