1591 2492
135 74 184 110 34
541 65 671 102 EASY
700 66 866 101 LATIN
895 66 1128 104 STORIES.
1326 64 1447 115 [PART
1465 76 1522 103 111.

558 261 628 300 He
645 261 807 301 obtaz'ns
828 261 894 301 lais
915 262 1093 302 reward.

174 345 544 385 109.—Introducit
556 346 695 384 ianitor
707 347 959 396 Sylosontem,
974 352 1213 398 stantemque
1225 348 1265 386 in
1276 348 1401 387 medio
1414 349 1526 387 inter-

131 415 268 460 rogant
282 411 527 462 interpretes:
559 417 568 434 ‘
581 414 673 461 Quis
689 416 748 452 es'l
769 427 891 464 quove
906 415 1005 452 facto
1024 415 1121 453 bene
1138 415 1187 454 de
1204 429 1292 466 rege
1310 415 1482 454 meruisti
1496 415 1524 453 ‘l’

132 477 302 527 Exponit
312 479 430 529 igitur
440 493 520 517 rem
533 493 683 519 omnem
702 481 751 519 ad
761 482 920 530 pallium
938 483 1203 531 pertinentem.
1259 483 1359 521 Tum
1377 496 1446 521 rex
1459 483 1524 531 ait,

131 549 140 565 ‘
156 545 189 583 O
217 546 477 585 liberalissime
508 548 718 596 hominum,
747 554 840 587 tune
872 563 961 601 ergo
993 550 1056 588 ille
1089 564 1139 598 es,
1174 552 1238 601 qui
1271 551 1377 598 mihi,
1408 564 1525 601 quum

128 614 273 652 nullam
291 620 520 665 potestatem
538 617 729 664 haberem,
745 617 903 667 pallium
922 617 1090 656 dedisti?
1145 619 1280 668 Itaque
1299 619 1371 656 tibi
1390 619 1524 668 ingens

130 684 211 721 auri
238 685 460 735 argentique
488 685 638 734 pondus
665 685 795 732 reddo,
816 699 863 723 ne
891 690 929 723 te
957 686 1047 723 doni
1075 686 1292 736 poeniteat.'
1346 686 1412 723 Ad
1433 686 1525 724 haec

131 751 314 800 Syloson:
344 755 353 772 ‘
368 752 429 789 Ne
447 752 542 789 mihi
560 766 695 790 aurum
713 766 787 790 neu
806 757 1007 802 argentum
1035 752 1194 791 dederis.
1252 752 1327 790 Sed
1361 752 1525 801 patriam

128 831 251 855 meam
280 818 435 856 Samum
462 819 557 856 mihi
584 819 724 858 redde:
763 833 877 870 quam
904 833 1016 867 nunc,
1036 824 1238 870 postquam
1270 820 1389 857 frater
1419 831 1525 856 meus

128 885 348 935 Polycrates
366 887 414 924 ab
434 886 572 925 Oroete
600 888 822 926 interfectus
849 892 919 934 est,
939 901 1069 926 servus
1095 892 1224 926 noster
1241 891 1358 925 tenet.
1415 886 1525 924 Hanc

129 954 223 992 mihi
241 954 302 1002 da,
322 968 345 992 a
363 954 540 993 caedibus
559 960 599 993 et
616 956 799 993 servitute
827 955 1052 993 liberatam.’
1108 956 1181 993 His
1211 954 1362 1001 auditis,
1383 953 1523 991 Darius

130 1023 339 1061 exercitum
353 1024 470 1071 misit,
486 1023 695 1073 ducemque
715 1023 877 1071 Otanen,
897 1028 941 1061 ut
959 1023 1086 1061 omnia
1100 1023 1240 1061 faceret
1253 1035 1348 1072 quae
1363 1021 1523 1071 Syloson

129 1096 314 1129 oraverat.

374 1282 622 1319 11.—THE
651 1282 849 1320 STORY
879 1283 959 1320 OF
987 1281 1279 1319 ZOPYRUS.

525 1398 677 1437 Revolt
695 1398 748 1448 of
761 1397 826 1438 tlte
843 1397 1133 1448 Babyloniam.

185 1484 546 1533 lla—Postquam
558 1483 686 1521 classis
700 1483 855 1520 Samum
868 1487 949 1520 erat
961 1482 1140 1532 profecta,
1149 1481 1353 1530 Babylonii
1365 1495 1387 1519 a
1398 1481 1523 1518 Persis

131 1551 362 1599 defecerunt,
380 1553 494 1590 rebus
514 1553 690 1590 omnibus
708 1552 804 1589 bene
823 1551 1066 1601 praeparatis.
1122 1550 1223 1588 Nam
1251 1563 1325 1599 quo
1353 1554 1523 1599 tempore

132 1620 268 1670 Magus
295 1620 481 1670 regnavit,
510 1625 549 1657 et
576 1620 756 1658 adversus
784 1632 871 1657 eum
898 1623 1044 1669 septem
1062 1618 1135 1656 viri
1162 1618 1460 1664 insurrexerunt,
1479 1620 1524 1654 ut

132 1688 338 1726 tolerarent
370 1688 617 1736 obsidionem⁷
652 1701 731 1725 sese
763 1690 1089 1737 praeparaverant.
1146 1686 1193 1723 In
1220 1698 1369 1735 quaque
1396 1685 1522 1731 domo,

131 1770 261 1795 omnes
294 1756 471 1794 mulieres
503 1757 795 1803 suffocaverunt,
815 1755 983 1805 exceptis
1001 1754 1199 1801 matribus,
1219 1758 1258 1791 et
1285 1766 1361 1791 una
1392 1765 1522 1799 uxore,

131 1837 393 1874 quamcunque
413 1824 572 1874 quisque
587 1825 646 1861 vir
664 1824 781 1861 eximi
795 1823 967 1861 voluerat
982 1838 989 1861 :
1017 1835 1132 1860 unam
1144 1826 1282 1868 autem,
1299 1834 1413 1870 quam
1428 1820 1521 1867 dixi,

130 1893 323 1931 eximebat
358 1893 516 1942 quisque
553 1905 648 1942 quae
683 1905 821 1941 panem
857 1891 1065 1929 conficeret.
1122 1889 1361 1928 Suffocarunt
1395 1892 1523 1926 autem

131 1960 226 2007 illas,
245 1973 294 1998 ne
312 1960 545 1998 frumentum
564 1963 838 1998 consumerent.

436 2126 520 2166 Tlce
538 2133 761 2166 townsmen
782 2125 921 2165 deride
941 2124 1006 2164 tlte
1025 2123 1225 2175 besiegers.

188 2221 206 2257 l
214 2221 233 2257 1
241 2218 406 2257 1.—His
420 2219 533 2256 rebus
550 2218 710 2268 cognitis
722 2217 874 2263 Darius,
890 2215 1092 2254 contractis
1107 2214 1293 2252 universis
1305 2213 1382 2251 suis
1394 2212 1520 2262 copiiS‚

132 2287 313 2324 adversus
340 2300 404 2325 eos
430 2287 620 2336 profectus
639 2291 697 2324 est
709 2301 720 2334 ;
747 2286 976 2334 admotoque
1003 2283 1183 2329 exercitu,
1202 2282 1335 2320 urbem
1361 2280 1519 2319 obsedit.

136 2355 189 2393 At
209 2355 446 2393 obsidionem
464 2355 572 2404 parvi
593 2354 783 2392 faciebant
810 2352 1011 2402 Babylonii
1024 2366 1034 2398 ;
1061 2364 1149 2388 nam
1177 2351 1216 2388 in
1243 2348 1523 2399 propugnacula
