1591 2492
126 83 172 117 28
518 80 649 117 EASY
678 80 843 115 LATIN
871 79 1103 117 STORIES.
1318 78 1437 130 [PART
1454 91 1496 117 11.

123 193 180 230 Tu
209 206 309 242 ergo,
329 205 455 230 meum
483 196 631 229 secutus
659 190 866 237 consilium,
887 190 1065 228 adversus
1083 191 1187 228 illam
1214 195 1319 229 tuam
1344 192 1500 230 nimiam

122 260 352 306 felicitatem,
371 260 429 297 fac
447 260 569 296 hocce.
625 258 726 295 Illud
746 258 875 304 abiice,
902 258 1004 307 quod
1022 259 1180 296 maximi
1197 260 1268 297 tibi
1287 263 1345 296 est
1362 259 1499 308 pretii.’

122 328 194 365 His
212 327 385 377 perlectis
405 326 632 375 Polycrates,
653 326 763 362 amici
781 325 935 363 monitis
953 327 1088 375 paruit.
1143 327 1238 364 Erat
1265 328 1299 364 ei
1326 327 1498 374 annulus,

122 407 232 442 quem
250 394 434 443 gestabat,
454 405 543 430 auro
562 392 722 439 vinctus,
744 404 791 428 ex
818 392 1014 441 smaragdo
1033 392 1169 441 lapide,
1188 392 1377 430 Theodori
1395 406 1499 442 opus,

121 461 274 499 artificis
303 459 494 509 praeclari.
549 459 596 495 In
622 471 760 495 navem
787 458 1014 505 conscendit,
1035 463 1073 496 et
1091 458 1302 496 detractum
1320 459 1367 496 de
1386 472 1500 497 manu

122 527 316 572 annulum,
337 525 652 574 conspicientibus
672 525 815 562 cunctis
843 525 908 573 qui
927 525 965 562 in
985 526 1072 562 navi
1092 532 1210 573 erant,
1230 527 1270 563 in
1288 539 1391 563 mare
1419 539 1499 575 pro-

123 594 220 631 iecit.
276 593 360 630 Hoc
387 592 486 629 facto
519 592 674 628 domum
701 591 906 640 navigavit.
972 593 1027 629 At
1053 594 1185 641 quinte
1214 598 1279 630 aut
1306 597 1413 630 sexto
1440 593 1502 631 die

122 667 253 710 postea
271 674 330 698 res
349 660 383 697 ei
401 659 537 697 accidit
563 659 675 695 huius
702 658 815 696 modi.
855 659 1025 696 Piscator
1043 660 1196 709 quidam
1215 661 1407 710 ingentem
1431 661 1501 709 pis-

123 741 214 774 cem,
235 740 345 776 quem
375 730 534 775 ceperat,
554 726 633 775 regi
660 725 776 762 dedit.
832 725 980 763 Famuli
1007 740 1108 772 vero,
1131 728 1195 776 qui
1213 728 1353 777 piscem
1372 740 1501 776 coque-

128 799 228 841 oant,
248 795 287 832 in
308 794 388 831 eius
407 797 540 830 ventre
559 793 770 841 Polycratis
790 793 972 830 annulum
992 795 1193 843 reperiunt.

555 951 638 990 lee
646 951 744 1000 fate
761 951 814 1001 of
826 951 1071 1001 Polycrates

166 1037 393 1077 93.—Tum
412 1049 481 1073 rex
499 1036 539 1072 in
557 1036 776 1085 Aegyptum
796 1036 845 1073 ad
864 1036 1022 1073 Amasin
1050 1036 1177 1074 literas
1198 1036 1244 1073 de
1263 1037 1361 1074 facto
1380 1037 1492 1075 misit.

113 1104 264 1141 Amasis
292 1108 419 1140 autem
445 1103 551 1140 lectis
578 1103 698 1139 literis
726 1103 836 1140 valde
864 1107 1071 1140 commotus
1099 1107 1166 1141 est.
1222 1103 1356 1152 Itaque
1382 1104 1496 1141 misso

114 1183 296 1220 praecone
325 1170 479 1207 Samum
507 1169 681 1206 dissolvit
708 1169 926 1219 hospitium,
956 1170 1055 1219 quod
1084 1170 1248 1207 habebat
1276 1184 1360 1207 cum
1387 1171 1497 1219 Poly-

114 1244 225 1282 crate,
264 1237 359 1273 iram
394 1235 551 1273 deorum
586 1236 738 1273 veritus.
812 1237 1029 1285 Polycrates
1061 1250 1150 1274 vero
1186 1237 1292 1274 brevi
1328 1242 1495 1286 tempore

113 1308 244 1352 postea
281 1303 328 1340 ab
361 1302 509 1348 Oroete,
547 1302 688 1351 Lydiae
726 1307 884 1352 satrape,
922 1303 1156 1349 interficitur,
1189 1308 1228 1340 et
1264 1303 1422 1341 cadaver
1456 1304 1495 1340 in

117 1383 224 1407 cruce
244 1369 498 1419 suspenditur.
554 1369 615 1405 Ita
632 1370 787 1407 nimiam
807 1370 1025 1407 felicitatem
1044 1375 1165 1408 morte
1184 1371 1363 1420 expiavit.

187 1588 432 1624 II.-—THE
463 1588 660 1626 STORY
689 1588 767 1625 OF
803 1588 1278 1625 RHAMPSINITUS
1306 1588 1434 1625 AND

629 1662 756 1697 THE
785 1662 992 1697 THIEF.

554 1777 637 1816 Tlte
661 1778 820 1826 Temple
838 1777 890 1826 of
913 1778 952 1816 V
950 1778 1078 1816 ulcan.

165 1870 435 1910 94.—Proteo
460 1870 500 1906 in
523 1883 681 1919 regnum
701 1869 867 1918 Aegypti
892 1869 1068 1906 successit
1094 1868 1404 1918 Rhampsinitus5
1431 1869 1497 1918 qui

114 1942 360 1973 monumenta
374 1936 431 1973 sui
443 1937 596 1985 reliquit
607 1937 810 1986 propylaea
824 1936 957 1985 templi
968 1936 1141 1982 Vulcani,
1155 1935 1386 1973 occidentem
1399 1949 1497 1984 spec-

114 2003 245 2039 tantia.
303 2003 362 2039 Ex
390 2003 547 2040 adverso
578 2003 869 2052 propylaeorum
896 2003 990 2040 duas
1017 2002 1144 2051 posuit
1172 2006 1327 2047 statuas,
1356 2002 1496 2051 viginti

116 2070 282 2118 quinque
320 2070 534 2107 cubitorum
570 2069 857 2119 magnitudine:
903 2082 1062 2118 quarum
1099 2069 1204 2106 illam
1240 2081 1334 2117 quae
1371 2073 1448 2105 stat
1474 2082 1496 2105 a

115 2136 382 2184 septentrione,
414 2136 611 2173 Aestatem
648 2135 841 2184 appellant
884 2136 1066 2185 Aegyptii
1080 2150 1091 2182 ;
1129 2135 1298 2181 alteram,
1335 2147 1430 2183 quae
1474 2148 1495 2172 a

112 2202 282 2247 meridie,
311 2202 512 2240 Hiemem:
558 2208 596 2239 et
631 2202 737 2239 illam
773 2201 938 2250 quidem,
969 2215 1082 2250 quam
1117 2201 1315 2237 Aestatem
1345 2205 1493 2248 vocant,

113 2269 273 2306 adorant
288 2273 325 2305 et
344 2268 453 2305 donis
471 2268 623 2317 placant
638 2283 648 2315 ;
668 2268 847 2305 adversus
865 2268 981 2314 illam,
1001 2280 1096 2316 quae
1114 2267 1249 2304 Hiems
1267 2267 1493 2313 nominatur,

111 2336 342 2373 contrarium
360 2336 512 2373 faciunt.
