1591 2492
54 101 156 127 PART
175 89 220 141 1.]
650 91 837 128 CYRUS.
1387 102 1405 125 2
1415 103 1429 126 1

393 257 431 294 Α
458 255 560 295 visit
579 262 616 294 to
636 256 701 294 tlte
720 256 908 306 infernal
924 255 1097 307 regions.

103 341 530 391 75.——Rhampsinitus,
550 340 826 390 Aegyptiorum
840 354 919 386 rex,
936 340 1075 377 dicitur
1088 339 1197 377 vivus
1212 339 1281 376 sub
1295 342 1435 376 terram

54 409 300 455 descendisse,
321 413 360 446 et
378 408 479 458 apud
498 408 644 445 Inferos
663 421 747 445 cum
766 407 902 445 Cerere
921 408 1041 445 aleam
1068 407 1210 453 lusisse,
1231 411 1269 444 et
1296 406 1435 455 partim

57 477 174 514 victor
192 476 365 522 evasisse,
381 476 521 525 partim
540 476 655 512 etiam
674 476 721 512 ab
741 475 806 512 illa
819 475 942 512 victus
957 475 1092 520 fuisses
1121 475 1283 523 denique
1298 474 1435 511 iterum

54 544 142 581 inde
161 556 344 590 reversus,
364 556 502 580 munus
520 543 567 580 ab
587 542 719 580 eadem
737 542 910 580 retulisse
928 542 1085 592 pallium
1100 555 1265 579 aureum.
1321 541 1436 590 Prop-

55 617 112 649 ter
142 612 213 649 hoe
245 611 504 659 Rhampsiniti
539 610 612 647 iter
647 610 696 647 ad
732 610 890 656 Inferos,
924 609 1053 660 epulas
1089 613 1207 659 agunt
1242 608 1433 658 Aegyptii.

56 679 166 716 Unus
185 692 205 716 e
225 678 482 716 sacerdotibus
500 678 658 727 pallium
677 677 813 724 induit,
828 677 962 714 eodem
980 677 1041 715 die
1057 677 1104 714 ab
1119 677 1193 714 illis
1206 677 1436 714 confectum:

54 745 142 782 huic
173 745 309 794 reliqui
339 745 438 794 pileo
470 748 606 794 tegunt
643 745 781 790 oeulos,
819 758 979 793 eumque
1010 745 1050 781 in
1081 745 1182 781 viam
1213 744 1357 781 ducunt
1389 743 1437 781 ad

55 813 202 850 Cereris
233 813 419 862 templum
449 812 656 850 ferentem:
702 817 784 849 tum
816 812 887 861 ipsi
924 816 1026 850 retro
1062 811 1272 849 discedunt.
1339 811 1438 848 Tum

55 880 237 926 sacerdos,
275 893 296 917 a
331 880 479 917 duobus
515 879 613 928 lupis
649 879 697 916 ad
741 880 927 928 templum
963 879 1121 927 Cereris,
1158 892 1361 928 rursusque
1397 879 1437 916 in

55 947 218 985 eundem
236 947 360 985 locum
379 946 465 984 duci
484 947 633 984 dicitur.

428 1066 466 1104 T
461 1066 510 1105 lle
529 1066 873 1120 transngralz'oqz
894 1067 946 1117 of
956 1067 1077 1106 souls.

107 1151 372 1191 76.—Primis
409 1151 577 1188 omnium
613 1151 815 1200 Aegyptiis
852 1152 978 1189 anima
1013 1151 1176 1189 hominis
1212 1151 1439 1189 immortalis

57 1233 135 1258 esse
154 1220 235 1257 visa
254 1223 320 1256 est.
376 1218 434 1256 De
453 1219 579 1256 anima
598 1224 726 1256 autem
744 1219 835 1256 haec
863 1219 1016 1256 dicunt:
1044 1219 1258 1256 intereunte
1286 1233 1440 1269 corpore

58 1288 96 1324 in
115 1287 218 1324 aliud
237 1286 375 1323 animal
395 1286 520 1323 anima
541 1285 681 1323 intrat:
711 1286 868 1323 circuitu
895 1300 963 1335 per
990 1286 1117 1323 onmia
1143 1287 1338 1324 terrestria
1364 1287 1441 1324 ani-

57 1355 170 1393 malia
202 1359 240 1392 et
271 1354 416 1391 marina
447 1358 486 1390 et
518 1353 684 1390 volucria
716 1353 901 1400 absoluto,
931 1358 1013 1391 tum
1044 1367 1173 1391 rursus
1204 1354 1244 1391 in
1275 1355 1440 1392 hominis

2 1452 6 1455 .
58 1436 192 1472 eorpus
210 1421 332 1459 redit:
361 1421 536 1458 circuitus
556 1425 684 1458 autem
702 1421 765 1457 ille
793 1421 915 1458 tribus
935 1434 1119 1458 annorum
1137 1421 1304 1459 millibus
1323 1422 1442 1459 absol-

57 1491 169 1527 vitur.
226 1489 308 1526 Hae
340 1501 429 1525 vero
462 1488 651 1525 sententia
682 1488 856 1525 nonnulli
888 1502 908 1526 e
941 1489 1170 1526 Graecorum
1206 1489 1441 1539 philosophis

58 1561 190 1606 postea
207 1557 266 1593 usi
284 1560 383 1594 sunt.

570 1755 935 1792 XV.—CYRUS.

632 1851 684 1889 H
683 1852 718 1890 z's
729 1853 870 1901 youtlc.

110 1935 413 1984 77.-—Oyaxari‚
434 1935 636 1972 Medorum
663 1936 754 1986 regi,
781 1937 957 1974 successit
984 1938 1082 1976 filius
1114 1940 1313 1989 Astyages.
1370 1940 1444 1978 Hic

60 2003 280 2040 Mandanen
312 2003 440 2049 filiam,
474 2003 522 2040 ob
559 2003 746 2040 somnium
783 2004 855 2041 sibi
891 2004 1072 2051 oblatum,
1111 2005 1257 2044 homini
1294 2008 1443 2054 Persae,

61 2072 212 2108 nomine
227 2070 418 2118 Cambysi,
439 2071 478 2107 in
497 2071 782 2108 matrimonium
796 2071 913 2110 dedit.
970 2073 1164 2112 Mandane
1180 2079 1311 2124 postea
1326 2076 1445 2113 filium

61 2137 219 2187 peperit.
283 2138 397 2175 Hune
424 2151 593 2187 puerum,
614 2138 687 2175 alio
715 2139 861 2176 somnio
889 2141 1106 2187 exterritus,
1134 2142 1323 2192 Astyages
1351 2144 1446 2181 Har-

61 2217 158 2254 pago
177 2204 327 2242 cuidam
345 2205 505 2242 tradidit
524 2205 747 2242 necandum.
802 2206 1004 2257 Harpagus
1023 2213 1151 2246 autem
1164 2223 1324 2259 puerum
1339 2224 1446 2249 servo

62 2271 223 2309 tradidit
242 2272 509 2321 exponendum
527 2272 568 2308 in
585 2273 801 2311 montibus:
830 2274 896 2311 sed
927 2275 991 2312 ille
1023 2289 1132 2313 suum
1162 2290 1322 2326 puerum
1351 2292 1448 2316 mor-

63 2344 172 2376 tuum
192 2339 378 2387 exposuit,
400 2338 617 2387 Cyrumque
634 2352 703 2388 pro
723 2352 790 2377 suo
809 2340 995 2380 educavit.
1051 2343 1190 2381 Postea
1216 2358 1306 2382 vero
1325 2345 1447 2394 Cyrus
