1591 2492
160 99 208 144 98
559 94 689 131 EASY
719 94 883 130 LATIN
911 93 1142 130 STORIES.
1347 89 1469 141 [PART
1489 101 1538 127 ιν.

163 170 261 175 --—.
269 168 488 175 ——fn——ae

701 275 903 327 Conjngal
919 276 1013 315 love.

211 369 526 415 275.—Marcia,
547 369 703 407 Catonis
731 369 818 415 filia,
839 369 964 406 virum
986 373 1179 406 mortuum
1197 381 1369 407 maerens
1388 368 1542 405 interro-

159 438 266 488 ganti
285 436 447 483 cuidam,
463 437 617 485 quinam
640 437 797 474 ultimus
816 436 897 474 dies
915 436 1058 474 doloris
1076 437 1227 474 futurus
1242 436 1351 482 esset,
1367 435 1541 472 ultimum

159 506 261 542 vitae
289 504 389 541 diem
418 503 558 541 doloris
585 504 763 541 ultimum
798 504 877 541 fore
908 503 1114 554 respondit.
1171 503 1325 541 Valeria
1356 501 1544 552 quaedam

160 577 304 622 rogata,
325 584 391 609 cur
409 571 551 608 nemini
579 571 721 608 nubere
741 571 868 618 vellet,
888 576 1037 609 mortuo
1058 571 1190 609 Servio
1210 570 1293 608 viro
1321 583 1400 616 suo,
1422 573 1431 590 ‘
1445 568 1544 606 Mihi

158 639 334 689 quidem,'
361 639 497 688 inquit,
521 642 529 658 ‘
545 638 698 676 Servius
725 651 832 675 meus
860 652 1007 687 semper
1026 638 1147 676 vivit.'
1200 636 1402 675 Phocionis
1429 636 1543 674 etiam

157 719 253 744 uxor
277 705 439 752 mulieri,
459 718 554 754 quae
574 705 728 742 divitias
757 706 985 751 ostentabat,
1016 705 1107 742 haec
1126 704 1249 742 dixit:
1279 707 1288 725 ‘
1301 703 1432 741 Gloria
1449 701 1544 740 mihi

156 774 455 824 praeclarissima
482 777 540 811 est
567 774 759 812 Phocion:
796 786 940 823 pauper
968 773 1133 822 quidem,
1164 772 1229 810 sed
1258 771 1396 822 viginti
1424 783 1544 808 annos

159 841 459 881 Atheniensibus
477 841 650 891 praeest.’

560 996 642 1035 The
659 1009 835 1034 sorrows
855 995 907 1046 os
920 995 1130 1034 mankind.

204 1091 491 1137 276.—Solon‚
514 1104 630 1139 quum
658 1103 776 1127 unum
804 1104 851 1127 ex
870 1090 998 1127 amicis
1026 1089 1116 1126 olim
1142 1088 1292 1126 tristem
1310 1087 1479 1134 vidisset,
1500 1087 1538 1124 in

154 1175 276 1200 arcem
310 1172 435 1197 secum
468 1158 591 1205 duxit,
619 1162 658 1196 et
685 1157 855 1195 aedificia
882 1157 986 1195 urbis
1014 1156 1228 1206 conspicere
1252 1155 1371 1193 iussit.
1428 1154 1538 1202 Quod

154 1241 270 1279 quum
297 1226 458 1273 fecisset,
479 1225 608 1272 Solon,
631 1225 826 1274 ‘Reputa,'
853 1224 990 1274 inquit,
1012 1228 1021 1245 ‘
1036 1229 1161 1262 tecum
1181 1227 1276 1273 quot
1294 1223 1443 1261 dolores
1470 1222 1540 1260 sub

153 1295 214 1333 his
232 1293 343 1332 tectis
363 1293 450 1339 sint,
467 1297 560 1342 quot
578 1292 731 1339 fuerint,
748 1296 842 1341 quot
861 1292 1023 1341 denique
1043 1292 1161 1329 futuri
1181 1292 1266 1330 sint.
1323 1291 1382 1328 Ne
1397 1290 1540 1327 diutius

157 1362 229 1400 tibi
247 1362 319 1411 ipsi
346 1360 499 1410 propria
525 1360 617 1398 haec
635 1360 736 1397 mala
762 1360 997 1406 indicaveris,
1019 1360 1194 1397 omnibus
1213 1359 1314 1396 enim
1341 1357 1540 1396 accidunt.'

157 1429 267 1467 Idem
285 1429 446 1474 dicebat,
467 1428 498 1465 si
517 1428 644 1465 omnia
664 1427 861 1465 hominum
881 1427 1020 1465 damna
1046 1427 1086 1464 in
1104 1440 1222 1464 unum
1249 1427 1372 1464 locum
1391 1437 1538 1475 conger-

157 1500 323 1541 erentur,
343 1495 424 1532 fore
441 1499 486 1532 ut
504 1495 661 1544 quisque
679 1495 805 1544 potius
825 1508 892 1532 sua
910 1508 1024 1544 quam
1040 1495 1163 1532 aliena
1180 1494 1279 1531 ferre
1297 1493 1421 1532 vellet.

536 1645 619 1684 lee
637 1646 756 1684 death
777 1646 829 1696 of
840 1645 1163 1696 Epaminondas.

207 1738 648 1787 277.—Epaminondas
663 1751 739 1775 non
754 1739 877 1776 solum
891 1739 990 1775 inter
1004 1738 1217 1784 Thebanos,
1231 1736 1295 1774 sed
1311 1737 1427 1774 etiam
1440 1739 1538 1774 inter

157 1820 286 1844 omnes
305 1806 469 1844 Graecos
496 1806 575 1843 eius
603 1807 784 1855 temporis
810 1806 1131 1855 praeclarissimus
1162 1805 1245 1843 fuit.
1302 1805 1410 1842 Nihil
1438 1804 1537 1842 enim

157 1874 247 1911 boni
265 1873 456 1910 Thebanis
475 1872 621 1919 accidit,
642 1878 845 1923 antequam
867 1874 933 1911 illo
952 1873 1046 1911 duce
1065 1873 1123 1910 usi
1142 1877 1254 1910 sunt:
1279 1876 1430 1909 mortuo
1448 1884 1538 1909 vero

157 1938 435 1989 Epaminonda,
457 1939 506 1975 ob
525 1938 664 1976 damna
686 1940 810 1976 solum
838 1939 1003 1976 illustres
1022 1939 1189 1977 fuerunt.
1240 1939 1360 1986 Quam
1375 1939 1536 1985 fortiter,

155 2019 342 2056 quamque
364 2006 540 2043 lubenter
557 2006 677 2043 vitam
703 2019 772 2055 pro
794 2006 917 2055 patria
935 2006 1165 2056 deposuerit,
1184 2007 1356 2044 narrabo.
1413 2005 1537 2053 Quum

157 2074 234 2111 acie
262 2073 448 2110 instructa
465 2073 513 2110 ad
541 2073 724 2122 oppidum
752 2073 904 2122 aliquod
924 2073 1221 2123 oppugnandum
1247 2073 1331 2119 iret,
1351 2073 1479 2110 hostes
1497 2073 1535 2110 in

157 2153 243 2177 eum
260 2139 405 2189 impetu
423 2139 535 2186 facto,
554 2140 722 2189 graviter
740 2141 996 2178 vulnerarunt.
1052 2141 1201 2187 Postea,
1222 2153 1339 2190 quum
1357 2140 1397 2178 in
1416 2144 1536 2178 castra

156 2211 412 2255 reportassent
430 2207 551 2254 amici,
571 2211 610 2244 et
636 2207 738 2245 haud
765 2208 928 2245 multum
955 2208 1083 2245 abesse
1103 2208 1194 2257 quin
1221 2212 1431 2245 moreretur
1457 2220 1536 2245 sen-

150 2273 273 2321 sisset,
292 2274 443 2324 rogavit
469 2287 563 2310 num
590 2277 739 2310 scutum
767 2271 914 2309 salvum
933 2276 1041 2310 esset.
1097 2272 1224 2310 Amici
1252 2286 1370 2322 quum
1397 2273 1544 2311 salvum

151 2355 232 2379 esse
259 2341 556 2390 respondissent,
577 2341 625 2378 ad
653 2353 691 2377 se
711 2341 836 2377 afferri
862 2340 982 2377 iussit.
1039 2339 1137 2377 Tum
1165 2341 1315 2390 rogavit
1341 2354 1434 2378 num
1452 2340 1543 2378 victi
