1591 2492
119 71 166 118 36
512 69 644 107 EASY
671 69 837 106 LATIN
865 68 1098 107 STORIES.
1298 68 1416 119 [PART
1435 78 1494 106 111.

419 272 487 312 He
496 278 681 324 presents
699 271 875 322 lzz'msels
886 271 1019 322 bqfore
1038 270 1103 310 the
1119 270 1230 323 king.

173 370 192 406 l
200 366 470 413 15.-—Darius,
484 378 601 415 quum
611 365 735 402 virum
747 364 1022 402 nobilissimum
1036 363 1089 401 ita
1100 363 1319 401 mutilatum
1328 362 1498 410 vidisset,

118 435 361 473 vehementer
377 437 513 480 motus,
533 446 554 470 e
572 432 664 470 solio
684 431 882 470 subsiliens
900 430 1010 478 dixit,
1032 434 1041 452 ‘
1057 430 1149 478 Quis
1166 435 1204 468 te
1222 431 1277 468 ita
1294 430 1498 478 mutilavit,

118 516 264 553 quaque
291 501 339 540 de
374 500 549 539 caussa'l'
603 500 675 538 Oui
699 500 869 549 Zopyrus
895 498 1102 548 respondit,
1132 498 1189 536 ‘O
1217 511 1296 546 rex,
1324 498 1395 536 hoc
1421 498 1500 548 ipse

118 570 199 617 feci,
234 569 454 619 indignatus
488 568 654 617 Assyriis
696 567 829 605 Persas
865 566 1147 605 deridentibus!
1211 566 1310 604 Tum
1336 566 1499 605 Darius:

121 638 225 685 ‘Quo
256 650 345 675 vero
376 640 498 686 pacto,
518 635 645 683 stulte,
669 635 716 673 ob
747 635 845 672 hanc
876 647 1044 672 caussam
1071 634 1180 672 citius
1207 634 1247 671 in
1273 638 1501 684 potestatem

120 705 246 743 hostes
272 704 517 755 redigentur'l
584 703 696 741 Anne
724 707 851 741 mente
887 715 926 740 es
957 702 1153 748 alienatus,
1181 701 1246 751 qui
1273 705 1312 739 te
1339 702 1393 740 ita
1419 714 1500 751 per-

119 771 298 810 didisti‘l'

665 910 706 949 Z
707 910 862 961 opyrzts’
875 911 991 960 plan.

177 996 534 1046 lla—Respondit
561 996 755 1046 Zopyrus:
785 999 793 1015 ‘
810 995 842 1033 O
860 1008 939 1042 rex,
960 995 1007 1032 ad
1027 1008 1174 1032 murum
1203 1008 1262 1033 me
1290 995 1500 1033 conferam:

121 1065 244 1102 dicam
271 1064 397 1110 etiam,
427 1063 545 1101 “Hoc
572 1063 661 1101 fecit
691 1062 883 1101 Darius:”
912 1067 994 1100 tum
1022 1063 1147 1100 hostes
1175 1062 1380 1100 exercitum
1407 1061 1500 1099 mihi

122 1132 370 1170 committent.
426 1130 483 1168 Tu
502 1145 604 1179 vero,
624 1131 772 1170 decimo
800 1131 891 1169 inde
911 1131 972 1168 die
992 1129 1040 1167 de
1068 1130 1134 1168 illa
1163 1130 1355 1180 copiarum
1385 1134 1505 1179 parte,

123 1200 226 1237 cuius
244 1200 427 1237 iacturam
445 1198 599 1235 minime
619 1210 727 1247 aegre
746 1196 853 1242 feres,
873 1195 976 1233 mille
1004 1195 1173 1232 homines
1201 1198 1331 1232 contra
1352 1198 1500 1243 portam

122 1267 272 1314 colloca,
292 1279 387 1316 quae
414 1264 672 1304 Semiramidis
696 1268 861 1301 vocatur.
916 1262 1064 1300 Deinde
1091 1275 1219 1300 rursus
1245 1266 1332 1311 post
1358 1261 1502 1310 aliquot

123 1335 215 1381 dies,
243 1334 335 1372 alios
362 1333 420 1371 bis
438 1333 540 1370 mille
568 1337 699 1370 contra
717 1331 883 1377 Niniam,
903 1335 947 1368 ut
972 1335 1138 1376 vocatur,
1167 1333 1315 1379 portam
1351 1328 1498 1366 colloca.

123 1403 204 1441 Nec
234 1416 323 1440 vero
355 1402 509 1452 priores,
528 1414 649 1451 neque
680 1400 732 1447 hi,
752 1400 854 1437 aliud
886 1399 1052 1436 habeant
1072 1403 1220 1447 praeter
1237 1396 1405 1447 gladios:
1432 1396 1503 1433 hoc

123 1483 199 1508 uno
230 1470 306 1507 telo
339 1469 473 1507 armati
505 1469 590 1506 sint.
646 1468 746 1505 Nam
775 1472 818 1504 ut
849 1466 1023 1516 equidem
1049 1470 1154 1515 puto,
1174 1477 1290 1514 quum
1314 1463 1504 1513 praeclara

124 1541 222 1577 facta
253 1538 417 1584 edidero,
450 1542 488 1576 et
515 1537 660 1587 reliqua
694 1549 798 1574 meae
830 1535 919 1573 fidei
955 1534 1192 1572 committent
1223 1532 1436 1582 Babylonii,
1466 1537 1505 1569 et

123 1611 319 1656 portarum
337 1606 469 1644 obices.
525 1605 622 1642 Tum
641 1617 708 1654 ego
727 1604 859 1641 urbem
877 1603 946 1640 tibi
966 1602 1114 1640 tradere
1132 1600 1286 1651 potero.'

411 1775 479 1814 He
491 1789 586 1827 goes
606 1782 644 1814 to
666 1774 730 1814 tlte
749 1774 828 1824 city
847 1773 937 1812 and
954 1773 1042 1812 tells
1060 1771 1126 1811 lzz‘s
1145 1777 1263 1822 story.

182 1861 452 1908 117.—Quum
466 1861 556 1898 haec
570 1859 838 1905 mandavisset,
855 1858 902 1896 ad
917 1862 1066 1907 portam
1080 1857 1257 1907 perrexit.
1307 1856 1426 1903 Quem
1441 1856 1505 1894 ubi

128 1932 404 1978 conspexerunt
421 1928 448 1965 ii
467 1928 531 1977 qui
550 1927 589 1964 in
603 1927 771 1964 turribus
791 1925 1008 1975 speculandi
1027 1938 1155 1962 caussa
1174 1923 1377 1962 stationem
1395 1923 1506 1961 habe-

126 1996 231 2041 bant,
250 1995 389 2045 raptim
407 1994 652 2040 descendunt,
672 1998 710 2031 et
729 1994 974 2043 interrogant,
997 1996 1006 2013 ‘
1022 1992 1203 2039 Quisnam
1222 2005 1272 2038 es,
1293 1996 1331 2028 et
1350 2004 1415 2029 cur
1432 1991 1504 2029 11110

126 2063 232 2099 venis
249 2062 282 2099 ‘l'
348 2061 418 2099 Ille
451 2066 591 2107 contra,
621 2060 745 2098 ‘Mihi
772 2073 909 2097 nomen
945 2064 1003 2097 est
1030 2059 1190 2108 Zopyro,
1219 2063 1257 2096 et
1283 2057 1332 2096 ad
1367 2071 1435 2096 vos
1461 2064 1506 2095 ut

127 2128 322 2178 transfuga
356 2128 490 2166 venio.’
549 2127 692 2175 Quibus
728 2127 879 2173 auditis,
911 2130 1042 2175 portae
1079 2124 1251 2163 custodes
1286 2125 1326 2162 in
1364 2124 1502 2162 curiam

127 2196 280 2233 ducunt.
335 2195 395 2233 Ibi
423 2208 546 2233 coram
574 2199 705 2232 senatu
735 2194 973 2240 constitutus,
993 2197 1132 2230 sortem
1159 2205 1264 2230 suam
1292 2192 1504 2242 deplorans,

126 2264 190 2309 ait,
212 2264 269 2300 ‘A
288 2262 405 2300 Dario
432 2263 523 2300 haec
541 2275 671 2312 passus
694 2275 786 2299 sum.
843 2261 955 2298 Nunc
977 2261 1025 2298 ad
1050 2273 1129 2307 vos,
1149 2260 1361 2309 Babylonii,
1381 2260 1504 2307 venio,

126 2330 290 2367 maximo
308 2329 416 2367 vobis
435 2328 630 2366 commodo
649 2329 797 2366 futurus
808 2342 819 2374 3
847 2327 963 2365 Dario
983 2332 1108 2364 autem
1127 2327 1325 2376 Persisque
1339 2327 1506 2364 maximo
