1591 2492
147 79 189 122 76
544 76 673 112 EASY
703 76 868 111 LATIN
898 76 1129 113 STORIES.
1330 75 1448 127 [PART
1469 89 1517 114 1v.

564 267 871 317 Explanatz'ons
889 269 941 318 of
954 269 1018 306 tlte
1035 275 1108 307 act.

192 344 484 394 avla—Argivi
498 344 650 382 aiebant
669 348 677 364 ‘
691 344 760 381 hoc
779 357 865 381 eum
883 344 1023 390 fecisse,
1040 345 1216 393 quoniam
1230 345 1404 395 Argivos,
1422 346 1487 395 qui
1500 359 1520 383 e

141 426 268 463 pugna
294 413 333 449 in
360 412 485 449 lucum
512 412 607 461 Argi
634 425 672 449 se
699 412 936 461 recepissent,
964 412 1052 449 inde
1079 412 1259 450 abductos
1284 413 1519 459 trucidasset,

140 479 338 529 ipsumque
358 484 485 528 spreta
502 478 696 528 relligione
714 478 840 515 lucum
858 478 1107 516 incendisset.'
1159 479 1214 516 At
1233 479 1408 528 Spartani
1427 480 1521 517 arbi-

142 550 303 591 trantur,
321 549 330 566 ‘
345 558 421 582 non
435 546 474 582 in
493 546 657 582 furorem
676 550 802 582 actum
815 545 928 582 fuisse
943 544 1183 582 Cleomenem
1197 558 1219 582 a
1230 545 1299 582 deo
1319 559 1518 595 quoquam,

141 611 207 649 sed
223 613 454 650 contraxisse
469 625 612 649 morem
626 612 781 649 bibendi
796 625 952 658 merum,
965 625 1081 660 eaque
1100 612 1146 649 de
1166 625 1294 649 caussa
1304 612 1344 649 in
1355 612 1519 649 furorem

141 678 338 716 incidisse.'
394 679 498 716 Haec
517 679 617 728 apud
638 679 843 728 Spartanos
862 679 908 716 de
928 679 1128 717 Cleomene
1146 679 1245 716 fama
1263 684 1329 717 est.

508 928 726 965 xlx—A
766 927 1148 964 DIFFICULTY

610 1039 663 1077 W
661 1038 753 1077 ln'clz
775 1039 810 1076 z's
831 1038 896 1077 tlze
915 1039 1037 1077 eldest
1051 1039 1071 1077 ?

193 1122 460 1162 217.-Ux0r
478 1123 721 1170 Aristodemi,
741 1124 838 1172 regis
863 1124 1146 1173 Spartanorum,
1166 1124 1312 1173 peperit
1329 1125 1516 1173 gemellos.

142 1190 405 1228 Aristodemus
417 1196 543 1228 autem
555 1192 661 1228 brevi
672 1197 840 1240 tempore
851 1196 1022 1228 mortuus
1034 1196 1100 1228 est.
1127 1191 1225 1228 Tum
1236 1192 1519 1230 Lacedaemonii

141 1257 389 1295 decreverunt
415 1271 541 1308 regem
567 1258 840 1295 nominandum
876 1271 961 1295 eum
993 1272 1040 1295 ex
1075 1258 1161 1296 filiis
1188 1259 1252 1308 qui
1278 1259 1398 1297 maior
1423 1266 1520 1297 esset

141 1331 243 1363 natu.
286 1325 411 1372 Quum
434 1338 524 1363 vero
552 1326 751 1372 nescirent,
770 1330 899 1362 utrum
918 1339 966 1362 ex
992 1325 1067 1362 illis
1085 1326 1277 1375 eligerent,
1298 1327 1362 1376 qui
1381 1327 1520 1364 similes

141 1391 241 1428 inter
259 1404 297 1428 se
320 1396 358 1428 et
376 1391 549 1440 aequales
577 1396 696 1437 erant,
715 1396 876 1428 matrem
901 1392 1190 1441 interrogarunt.
1245 1392 1300 1429 At
1318 1392 1383 1429 illa
1409 1393 1518 1439 dixit,

143 1461 151 1477 ‘
165 1471 213 1495 ne
232 1471 270 1495 se
290 1458 443 1507 quidem
461 1459 582 1508 ipsam
596 1459 870 1496 internoscere?
934 1459 1068 1507 Itaque
1087 1459 1384 1505 Lacedaemonii,
1405 1473 1520 1509 quum

141 1525 276 1562 incerti
295 1530 430 1571 essent,
450 1525 593 1575 legatos
612 1526 781 1575 Delphos
800 1526 995 1572 miserunt,
1014 1530 1058 1562 ut
1077 1526 1313 1564 consulerent
1331 1526 1421 1575 quid
1440 1527 1520 1563 fieri

141 1593 305 1631 deberet.
375 1593 517 1642 Pythia
535 1599 662 1631 autem
682 1594 893 1643 imperavit,
913 1598 957 1630 ut
977 1598 985 1613 ‘
1000 1606 1157 1642 puerum
1175 1599 1376 1642 utrumque
1396 1606 1519 1642 regem

141 1660 334 1706 haberent,
356 1660 420 1697 sed
440 1661 558 1710 magis
576 1661 807 1698 honorarent
825 1666 915 1698 natu
936 1660 1137 1698 maiorem.’

486 1843 905 1893 Anotherjudgment
922 1842 974 1891 of
989 1842 1190 1880 Solamen.

192 1928 435 1975 218.-Qu0
455 1932 606 1976 accepto
624 1940 814 1976 responso,
835 1939 951 1975 quum
970 1926 1214 1962 nihilominus
1232 1924 1365 1962 incerti
1384 1928 1520 1969 essent,

141 2009 214 2045 quo
233 2000 342 2045 pacto
357 1995 577 2044 reperirent,
592 1999 677 2031 uter
691 1994 811 2031 maior
824 1998 917 2030 natu
933 1997 1041 2038 esset,
1058 1992 1254 2029 consilium
1268 1991 1375 2028 dedit
1389 1991 1448 2027 vir
1462 1991 1521 2028 cui

140 2075 277 2100 nomen
304 2062 462 2099 Panitae
490 2067 580 2099 erat.
636 2061 674 2098 Is
701 2073 790 2098 vero
818 2060 935 2097 suasit
962 2057 1278 2105 LacedaemoniiS,
1308 2061 1373 2094 ‘ut
1400 2057 1521 2094 obser-

139 2135 273 2168 varent
307 2134 479 2176 matrem,
516 2129 762 2178 viderentque
788 2132 916 2165 utrum
947 2139 1149 2176 puerorum
1177 2125 1320 2163 lavaret
1345 2125 1519 2174 priorem,

139 2197 331 2247 priorique
351 2196 476 2233 cibum
493 2195 713 2245 praeberet.’
779 2194 949 2231 Narrant
975 2193 1071 2238 illos,
1100 2193 1342 2229 observantes
1360 2195 1520 2227 matrem

140 2262 434 2314 deprehendisse
462 2276 544 2300 eam
573 2274 720 2311 semper
746 2265 785 2298 et
812 2261 850 2298 in
879 2261 961 2297 cibo
989 2258 1203 2308 praebendo
1229 2263 1267 2294 et
1292 2258 1333 2294 in
1359 2256 1520 2294 lavando

140 2333 299 2371 alterum
315 2344 362 2368 ex
380 2331 505 2384 pueris
523 2330 805 2378 praeferentem.
849 2326 1064 2364 Credidisse
1076 2325 1193 2374 igitur
1206 2324 1520 2362 Lacedaemonios
