1591 2492
115 85 162 122 70
509 75 641 111 EASY
670 75 834 110 LATIN
864 74 1098 111 STORIES.
1307 73 1426 123 [PART
1446 83 1494 110 1v.

112 189 238 227 hostes
265 188 455 234 viderunt,
483 187 532 225 ad
559 187 800 237 excipiendos
827 187 911 224 illos
948 200 986 224 se
1021 191 1259 236 paraverunt.
1331 187 1498 224 Aiebant

112 257 213 294 enim
233 257 376 293 ‘furere
403 255 668 302 Athenienses,
689 260 728 292 et
747 255 785 292 in
805 254 1010 304 perniciem
1029 266 1188 300 currere,
1208 255 1274 303 qui
1292 258 1371 291 tam
1388 254 1498 303 pauci

113 328 236 363 essent
253 337 374 374 neque
400 324 611 373 equitatum
629 336 751 372 neque
778 322 992 372 sagittarios
1010 321 1216 359 haberent.'
1269 322 1324 359 At
1341 321 1498 359 Atheni-

114 405 229 438 enses,
258 404 374 441 quum
392 404 526 428 manus
554 390 840 436 conseruissent,
860 402 1027 438 pugnam
1054 389 1270 426 commisere
1288 392 1496 426 memoratu

114 461 275 512 dignam.
332 461 452 498 Primi
487 461 589 498 enim
621 460 790 498 omnium
821 459 1051 497 Graecorum
1077 459 1118 495 in
1149 458 1283 496 Persas
1314 458 1497 507 impetum

112 530 232 568 facere
250 530 331 567 ausi
349 534 455 567 sunt:
476 534 514 566 et
532 529 646 578 primi
665 528 928 566 sustinuerunt
945 526 1135 564 Medicam
1153 531 1297 564 vestem
1316 527 1479 575 aspicere
1485 540 1497 573 ;

113 611 228 648 quum
254 602 342 635 ante
370 597 478 635 illum
504 597 607 635 diem
635 596 695 634 vel
723 609 862 634 nomen
894 595 1096 633 Medorum
1126 595 1276 633 Graecis
1303 595 1497 632 horrorem

111 664 335 703 incussisset.
408 664 455 701 In
491 664 617 701 media
653 665 730 701 acie
766 664 940 701 vicerunt
975 663 1150 711 barbari,
1186 663 1250 712 qui
1285 662 1355 701 hac
1389 668 1496 712 parte

111 733 282 779 victores,
301 737 482 782 perrupta
508 732 597 778 acie,
617 732 806 782 fugientes
830 731 1017 781 persecuti
1044 735 1142 769 sunt.
1197 731 1252 768 At
1270 730 1309 767 in
1337 734 1496 779 utroque

111 812 226 837 cornu
244 812 358 849 penes
376 799 630 836 Athenienses
645 804 684 836 et
702 799 943 836 Plataeenses
956 798 1114 835 victoria
1132 798 1249 835 stetit.
1297 797 1347 834 Et
1365 797 1405 834 hi
1420 797 1497 846 qui-

110 867 207 914 dem,
228 867 374 904 omissis
388 867 558 904 barbaris
573 879 666 916 quos
682 867 722 903 in
741 865 870 916 fugam
888 870 1093 912 verterant,
1114 865 1198 902 illos
1218 864 1382 915 aggressi
1408 868 1497 901 sunt

110 935 175 984 qui
209 934 374 972 mediam
410 935 528 972 aciem
563 939 823 984 perruperant,
862 938 900 970 et
936 933 983 970 de
1020 933 1078 970 his
1116 946 1264 982 quoque
1300 932 1496 970 victoriam

108 1007 359 1052 reportarunt.
415 1002 522 1039 Tunc
540 1015 630 1039 vero
650 1002 689 1038 in
717 1001 847 1051 fugam
867 1001 1003 1038 effusos
1031 1001 1165 1038 Persas
1183 1000 1368 1050 persecuti
1396 1003 1494 1046 sunt,

109 1070 227 1108 donec
245 1071 293 1108 ad
312 1084 415 1108 mare
433 1070 562 1116 delati,
582 1071 681 1118 ipsas
701 1083 816 1107 naves
835 1069 958 1106 adorti
978 1074 1076 1106 sunt.

540 1193 622 1231 lee
640 1193 759 1231 losses
779 1205 829 1230 on
850 1191 941 1230 botlc
963 1191 1078 1229 sides.

160 1271 372 1312 202.—In
390 1271 461 1308 hoc
480 1271 697 1308 discrimine
714 1275 752 1307 et
767 1270 831 1307 alii
846 1269 958 1306 multi
973 1269 1166 1318 perierunt
1181 1268 1326 1305 nobiles
1340 1268 1497 1305 Atheni-

109 1351 214 1376 enses
229 1353 240 1386 ;
267 1343 306 1375 et
333 1338 597 1384 Callimachus,
618 1336 891 1386 polemarchus,
911 1336 1060 1373 fortiter
1078 1347 1251 1384 pugnans
1279 1334 1496 1372 interfectus

109 1411 191 1445 est:
218 1419 316 1444 unus
343 1407 435 1444 item
455 1420 503 1444 ex
522 1405 824 1456 imperatoribus,
855 1403 1046 1442 Stesilaus.
1105 1402 1328 1452 Ibidemque
1356 1402 1498 1452 Cynae-

109 1474 222 1525 girus,
243 1487 360 1524 quum
379 1474 546 1523 aplustre
561 1474 669 1511 navis
687 1486 802 1511 manu
821 1472 1016 1518 tenuisset,
1037 1471 1156 1509 securi
1170 1484 1285 1508 manu
1304 1475 1498 1520 amputata

110 1542 254 1581 cecidit.
309 1542 489 1581 Ceterum
517 1547 661 1592 septem
680 1542 840 1579 navibus
867 1541 980 1590 potiti
1005 1544 1094 1577 sunt
1120 1539 1382 1578 Athenienses.
1438 1540 1499 1577 Ex

110 1611 235 1648 Persis
267 1610 483 1648 ceciderunt
513 1610 553 1647 in
589 1622 717 1659 pugna
751 1608 996 1646 Marathonia
1022 1607 1169 1645 circiter
1204 1620 1271 1645 sex
1308 1607 1426 1644 millia
1461 1612 1499 1643 et

110 1677 377 1727 quadringenti
390 1692 400 1724 ,-
429 1677 722 1714 Atheniensium
742 1689 830 1713 vero
850 1681 1001 1712 centum
1021 1674 1228 1724 nonaginta
1246 1673 1331 1711 duo.

497 1786 535 1824 A
561 1785 856 1835 supernatm‘al
871 1784 1110 1823 combatant.

163 1863 476 1903 zoa—Accidit
511 1867 638 1900 autem
674 1875 733 1899 res
769 1862 865 1899 mira
902 1861 1128 1899 huiusmodi.
1191 1860 1377 1910 Epizeius,
1408 1859 1498 1896 civis

110 1929 367 1976 Atheniensis,
387 1935 491 1967 stans
510 1930 549 1966 in
568 1930 645 1967 acie
664 1929 888 1978 fortiterque
907 1941 1092 1978 pugnans,
1112 1927 1304 1965 oculorum
1331 1939 1400 1963 usu
1427 1927 1498 1975 pri-

111 2002 221 2035 vatus
249 2002 317 2044 est,
336 1997 441 2034 nulla
460 1997 625 2046 corporis
644 2000 751 2046 parte
770 2009 838 2033 nec
857 1996 1026 2033 cominus
1041 2007 1248 2044 percussus,
1268 2006 1336 2030 nec
1354 1994 1499 2031 eminus

111 2065 233 2104 ictus:
260 2070 300 2103 et
318 2066 366 2103 ab
385 2066 455 2103 hoc
474 2071 643 2114 tempore
671 2078 738 2113 per
765 2064 949 2113 reliquam
978 2064 1097 2100 vitam
1125 2075 1253 2100 caecus
1280 2061 1496 2111 permansit.

112 2133 329 2170 Memorant
336 2137 463 2170 autem
474 2133 599 2182 ipsum
606 2131 653 2169 de
661 2132 730 2169 hac
745 2131 958 2169 calamitate
971 2130 1062 2168 haec
1073 2142 1243 2167 narrasse
1254 2144 1261 2166 :
1276 2129 1415 2166 ‘visum
1422 2141 1499 2166 esse

113 2200 186 2237 sibi
212 2200 337 2237 virum
366 2204 553 2236 armatum
582 2203 712 2236 contra
731 2212 769 2236 se
799 2202 910 2244 stare,
932 2197 1036 2235 cuius
1060 2197 1179 2234 barba
1205 2200 1330 2233 totum
1356 2199 1500 2245 tegeret

113 2267 274 2316 clipeum
292 2281 300 2304 ε
332 2266 427 2304 illud
452 2271 579 2304 autem
598 2270 787 2316 spectrum
813 2264 1049 2314 praeteriisse
1066 2263 1201 2313 ipsum,
1222 2267 1261 2299 et
1277 2262 1402 2299 virum
1428 2262 1500 2299 sibi

113 2334 328 2383 proximum
343 2333 595 2372 interfecisse.'
620 2333 724 2370 Haec
737 2331 928 2383 Epizelum
948 2329 1100 2366 solitum
1107 2341 1186 2367 esse
1197 2341 1347 2366 narrare
1360 2327 1497 2367 audivi.
