1591 2492
99 69 123 102 4
500 59 631 95 EASY
660 59 828 94 LATIN
856 59 1092 96 STORIES.
1326 58 1444 109 [PART
1463 72 1488 98 1.

98 173 214 210 etiam
232 172 404 210 homines
423 174 547 222 capita
566 186 702 210 canum
720 172 915 210 habentes.
972 172 1071 210 Sunt
1092 172 1156 210 alii
1184 173 1264 211 sine
1291 174 1490 223 capitibus,

100 239 227 277 oculos
245 240 286 276 in
303 244 454 289 pectore
481 240 676 287 habentes,
697 244 735 277 et
752 239 824 277 feri
854 239 1036 277 homines.
1092 240 1192 277 Sunt
1222 241 1338 278 etiam
1365 254 1491 279 mures

102 307 269 357 bipedes,
289 312 327 344 et
345 307 454 356 parvi
481 312 674 357 serpentes
702 307 859 356 singulis
882 308 1057 345 cornibus
1075 307 1260 346 instructi.
1316 309 1490 358 Denique

97 388 256 425 magnus
275 388 454 412 numerus
474 375 654 412 mirarum
673 376 880 412 bestiarum
899 375 938 411 in
957 375 1016 412 his
1035 375 1252 425 regionibus
1271 376 1473 415 invenitur.

644 506 681 544 T
678 505 727 545 lle
744 506 943 544 crocodile.

152 583 465 622 12.—Crocodili
493 588 620 621 autem
644 588 780 620 natura
807 583 899 620 haec
926 590 993 620 est.
1050 583 1124 619 Per
1148 584 1314 632 quinque
1343 597 1489 621 menses

96 651 275 688 hibernos
304 651 429 688 cibum
456 651 604 688 nullum
633 651 743 699 capit.
800 649 1024 698 Quadrupes
1057 655 1114 687 est
1133 654 1273 687 terram
1291 651 1433 699 pariter
1451 657 1490 688 et

95 733 232 768 aquam
252 719 430 756 habitans
448 734 455 757 ε
484 732 555 756 ova
574 719 675 756 enim
694 718 795 768 parit
807 718 1050 766 excluditque
1069 718 1109 754 in
1127 722 1239 764 terra,
1256 723 1294 755 et
1309 719 1489 755 maiorem

94 792 243 836 partem
262 786 338 823 diei
356 786 396 823 in
416 786 512 823 sicco
531 791 715 831 versatur,
734 790 849 822 noctu
864 798 953 821 vero
972 785 1012 821 in
1031 785 1146 821 fluvio
1162 800 1169 822 :
1198 790 1255 821 est
1273 786 1374 822 enim
1392 799 1489 835 aqua

94 859 210 890 noctu
238 853 358 903 magis
386 853 508 890 calida
536 866 649 902 quam
685 857 787 889 terra
814 865 898 889 rore
926 864 1134 900 conspersa.
1192 851 1372 889 Omnium
1400 866 1489 890 vero

95 921 317 958 animalium
335 921 407 958 hoc
426 934 474 958 ex
492 920 650 957 minimo
669 920 713 956 fit
731 919 950 956 maximum.
1008 918 1091 956 Ova
1109 919 1211 955 enim
1238 919 1340 956 haud
1368 919 1489 957 multo

94 987 237 1025 maiora
256 991 345 1025 sunt
377 987 458 1024 ovis
477 987 618 1024 anseris
634 1002 641 1024 :
670 991 710 1023 at
727 986 902 1035 pervenit
920 986 969 1023 ad
988 985 1258 1035 septemdecim
1277 986 1489 1023 cubitorum

94 1055 383 1105 longitudinem.
440 1055 570 1092 Habet
597 1059 724 1091 autem
753 1054 879 1091 oculos
906 1054 1021 1103 porci,
1042 1053 1175 1090 dentes
1202 1066 1291 1090 vero
1319 1067 1486 1104 magnos.

95 1123 228 1161 Solum
255 1136 304 1160 ex
331 1123 507 1160 omnibus
530 1122 757 1159 animalibus
784 1121 954 1171 linguam
981 1134 1058 1158 non
1085 1121 1222 1159 habet:
1250 1135 1372 1171 neque
1399 1122 1489 1159 infe-

94 1193 232 1229 riorem
246 1191 442 1228 maxillam
456 1196 595 1228 movet.
644 1190 773 1227 Habet
792 1196 919 1227 autem
938 1203 1082 1239 ungues
1101 1190 1287 1237 robustos,
1308 1195 1346 1227 et
1365 1195 1488 1227 cutem

94 1264 342 1309 squamatam.
414 1259 460 1296 In
489 1272 586 1308 aqua
614 1258 768 1307 quidem
796 1271 925 1295 caecus
954 1262 1022 1303 est,
1051 1258 1090 1294 in
1128 1271 1211 1295 aere
1247 1258 1342 1295 bene
1371 1258 1484 1297 videt.

95 1327 147 1364 Os
175 1327 292 1364 habet
316 1327 419 1363 intus
447 1326 602 1376 plenum
630 1326 881 1362 hirudinibus.
938 1326 1020 1362 Iam
1048 1325 1142 1362 aliae
1162 1325 1316 1374 quidem
1345 1339 1432 1363 aves
1451 1331 1489 1363 et

93 1395 237 1432 bestiae
268 1394 377 1431 illum
408 1394 583 1443 fugiunt:
625 1407 710 1430 cum
742 1393 902 1430 trochilo
932 1398 1059 1430 autem
1091 1407 1222 1442 pacem
1252 1393 1350 1430 colit.
1416 1393 1489 1431 Hic

94 1463 227 1500 utilem
246 1463 281 1499 ei
300 1475 453 1511 operam
481 1466 673 1511 praestat:
702 1474 790 1498 nam
818 1461 857 1497 in
886 1474 926 1497 os
955 1461 1033 1498 eius
1062 1474 1140 1498 sese
1169 1461 1363 1497 insinuans
1391 1461 1489 1498 hiru-

95 1531 203 1569 dines
223 1531 390 1568 devorat.

648 1624 832 1673 Strange
840 1629 940 1672 pets.

152 1711 371 1750 13.-Sunt
386 1715 513 1747 autem
533 1708 710 1746 crocodili
725 1708 808 1744 aliis
824 1707 1024 1756 Aegyptiis
1044 1707 1137 1743 sacri
1152 1721 1160 1753 3
1189 1707 1271 1744 aliis
1291 1720 1367 1743 non
1386 1709 1488 1754 item,

97 1782 163 1819 sed
182 1782 222 1818 hi
241 1781 326 1818 illos
345 1786 388 1818 ut
407 1781 534 1817 hostes
553 1783 841 1828 persequuntur.
899 1777 1039 1814 Omnes
1055 1776 1150 1813 circa
1168 1776 1318 1813 Thebas
1337 1780 1376 1813 et
1389 1776 1490 1813 Moe-

98 1850 191 1887 ridis
219 1850 342 1886 lacum
370 1848 513 1885 incolae
542 1859 665 1884 sacros
693 1846 778 1882 illos
807 1844 961 1881 ducunt.
1018 1843 1167 1880 Horum
1195 1843 1344 1891 utrique
1373 1856 1490 1879 unum

100 1918 263 1955 maxime
291 1916 521 1954 crocodilum
549 1915 668 1960 alunt,
689 1926 803 1950 manu
831 1912 986 1949 tractari
1011 1911 1195 1948 edoctum.
1253 1911 1420 1948 Auribus
1438 1911 1492 1947 in-

102 1999 209 2023 aures
237 1986 421 2031 inserunt,
441 1989 480 2021 et
498 1983 705 2021 anteriores
732 1980 847 2031 pedes
873 1980 995 2017 aureis
1014 1979 1170 2016 armillis
1191 1984 1336 2016 ornant.
1394 1979 1491 2015 Eun-

101 2053 188 2091 dem
207 2058 389 2102 pascunt:
417 2056 610 2089 mortuum
630 2063 734 2087 sacro
754 2050 792 2086 in
812 2048 982 2097 sepulcro
1001 2047 1197 2096 sepeliunt.

402 2196 575 2233 IV.—A
606 2193 817 2230 NEGRO
850 2190 1138 2228 REGIMEN
1149 2191 1197 2225 T.

158 2278 502 2327 14.—-Aethiopes,
516 2275 720 2326 pardorum
740 2274 966 2321 leonumque
980 2271 1142 2320 pellibus
1157 2269 1297 2316 amicti,
1311 2282 1417 2306 arcus
1431 2268 1494 2305 ha—

107 2354 195 2388 bent
212 2347 458 2397 praelongos:
488 2344 645 2394 sagittas
660 2355 748 2380 vero
769 2342 902 2378 breves
918 2356 925 2378 ε
945 2341 1004 2376 his
1022 2352 1090 2388 pro
1110 2339 1209 2375 ferro
1228 2337 1373 2385 lapides
1394 2336 1494 2373 acuti
