1591 2492
86 66 277 118 PART111.]
332 69 447 104 THE
466 69 673 104 FAMILY
693 69 761 106 OF
781 69 895 104 THE
912 67 1363 107 ALCMAEONIDAE.
1418 81 1465 116 43

562 230 609 269 W
613 231 745 277 (culed,
766 243 792 268 a
811 229 1009 269 husband.

127 314 427 354 132.—Deinde
434 328 535 362 vero,
544 320 724 364 sequente
738 320 873 362 aetate,
881 315 1042 353 eandem
1049 315 1232 353 familiam
1244 315 1470 362 Clisthenes,

86 381 257 430 Sicyonis
272 386 468 430 tyrannus,
482 382 536 418 ita
550 382 779 431 praeclaram
791 382 891 429 fecit,
910 387 954 419 ut
967 382 1088 419 multo
1108 383 1222 420 etiam
1238 382 1471 432 splendidior

85 448 186 485 inter
204 448 366 486 Graecos
385 450 502 495 fieret,
519 462 633 498 quam
651 454 763 487 antea
780 451 913 487 fuerat.
962 450 1175 487 Clisthenes
1195 454 1333 497 autem,
1353 463 1471 500 quum

87 520 184 553 esset
202 516 237 553 ei
263 516 340 553 filia
357 517 509 554 nomine
528 516 717 566 Agariste,
737 518 777 554 in
803 518 1088 555 matrimonium
1116 519 1212 555 hanc
1231 517 1321 554 dare
1348 516 1471 554 decre-

87 587 192 620 verat
206 583 345 630 iuveni,
361 597 621 632 quemcunque
636 585 836 633 reperisset
852 585 1081 622 Graecorum
1094 585 1263 621 omnium
1282 589 1470 634 praestan-

85 650 282 688 tissimum.
356 650 555 700 Quumque
583 656 708 688 essent
734 651 815 688 ludi
848 652 1049 701 Olympici,
1070 652 1109 688 in
1133 652 1269 701 quibus
1289 652 1470 689 curriculo

86 717 353 766 quadrigarum
367 718 460 756 vicit
487 718 714 765 Clisthenes,
736 718 907 755 nuntiari
935 732 1002 767 per
1028 730 1256 767 praeconem
1283 717 1447 754 iusserat
1460 731 1473 764 ς

90 784 279 833 ‘quisquis
311 783 540 821 Graecorum
572 782 729 832 dignum
757 796 835 819 sese
863 783 1004 820 iudicat
1036 784 1101 832 qui
1127 796 1243 832 gener
1279 783 1344 819 fiat
1380 782 1472 820 Clis-

86 851 222 897 them‘s,
243 851 274 888 is
293 851 341 888 ad
360 851 635 900 sexagesimum
653 850 766 896 diem,
787 854 853 887 aut
872 851 987 887 etiam
1006 854 1094 887 ante
1113 850 1153 887 id
1171 854 1332 899 tempus,
1349 850 1473 898 Sicyo-

86 932 173 955 nem
191 918 303 955 adeat
320 932 327 955 :
355 922 487 954 exacto
506 918 608 954 enim
635 930 733 954 anno
753 919 801 954 ab
820 917 885 954 illo
905 918 1138 966 sexagesimo
1158 916 1232 963 die,
1251 921 1353 954 ratas
1375 916 1473 953 filiae

86 986 238 1035 nuptias
282 985 439 1022 habebit
482 984 719 1022 Clisthenes!
796 984 903 1021 Tunc
947 985 1063 1034 igitur
1107 997 1314 1021 convenere
1357 985 1472 1032 proci,

87 1057 274 1102 quotquot
300 1065 320 1090 e
339 1052 497 1090 Graecia
514 1052 575 1089 vel
594 1065 661 1089 sua
686 1052 747 1089 vel
766 1053 911 1101 patriae
930 1052 1164 1100 praestantia
1182 1051 1472 1100 superbiebant:

87 1121 219 1170 hisque
251 1120 465 1158 Clisthenes
489 1123 528 1156 et
561 1119 787 1156 curriculum
814 1123 852 1155 et
879 1120 1117 1167 palaestram,
1147 1119 1283 1167 quibus
1309 1118 1409 1155 inter
1435 1131 1473 1155 se

88 1191 286 1234 certarent,
305 1190 438 1236 parata
456 1186 631 1223 habebat.

538 1300 663 1340 Trz'al
678 1281 730 1350 of
743 1300 807 1339 tlce
825 1300 1062 1351 applicants.

143 1387 485 1428 133.-—Maximus
497 1386 613 1435 igitur
624 1398 802 1422 numerus
809 1397 1008 1434 procorum
1020 1385 1207 1431 convenit,
1221 1389 1261 1422 et
1273 1385 1313 1421 in
1328 1385 1386 1422 his
1398 1386 1477 1422 Me-

88 1456 222 1506 gacles,
241 1454 480 1492 Alcmaeonis
499 1454 598 1490 filius
613 1453 677 1501 qui
692 1452 793 1501 apud
808 1453 990 1489 Croesum
1006 1453 1140 1498 fuerat,
1158 1456 1197 1489 et
1216 1451 1475 1501 Hippoclides,

90 1523 234 1561 divitiis
248 1527 286 1559 et
301 1522 466 1571 corporis
481 1521 603 1558 forma
614 1520 827 1569 praeclarus
842 1519 942 1556 inter
953 1519 1215 1557 Athenienses.
1272 1519 1346 1565 Qui
1360 1532 1477 1568 quum

90 1593 138 1629 ad
157 1590 259 1628 diem
285 1590 430 1626 dictum
457 1589 732 1633 convenissent,
753 1587 968 1624 Clisthenes
995 1588 1160 1636 primum
1186 1587 1329 1635 patrias
1348 1599 1478 1624 eorum

91 1659 299 1696 sciscitatus
327 1662 395 1703 est,
424 1661 463 1693 et
489 1669 607 1706 genus
635 1656 825 1704 cuiusque,
846 1654 983 1691 deinde
1011 1668 1078 1703 per
1104 1655 1196 1691 anni
1222 1655 1387 1703 spatium
1414 1667 1477 1691 eos

91 1727 269 1771 retinens,
289 1725 522 1774 pertentavit
536 1722 814 1769 fortitudinem,
831 1726 869 1759 et
888 1723 1005 1759 animi
1017 1722 1213 1771 impetum,
1234 1726 1272 1758 et
1291 1721 1478 1758 culturam

91 1793 246 1843 ingenii,
265 1796 304 1830 et
321 1804 444 1829 mores
458 1806 468 1838 3
494 1792 608 1827 modo
624 1803 709 1827 cum
727 1790 884 1839 singulis
913 1802 1143 1838 congressus,
1163 1789 1277 1826 modo
1296 1801 1381 1825 cum
1399 1789 1478 1824 uni-

91 1861 232 1908 versis3
259 1863 309 1906 et,
329 1860 394 1908 qui
421 1872 469 1895 ex
495 1858 570 1895 illis
596 1858 761 1894 iuniores
788 1861 906 1902 erant,
927 1859 996 1893 hos
1023 1857 1063 1893 in
1090 1856 1287 1905 gymnasia
1315 1858 1477 1893 ducens:

92 1928 257 1965 maxime
274 1939 364 1964 vero
391 1926 491 1962 inter
517 1926 645 1974 epulas
663 1936 726 1961 eos
744 1925 996 1972 pertentabat.
1052 1922 1281 1959 Placuerunt
1299 1922 1333 1959 ei
1351 1925 1479 1959 autem

93 1996 170 2032 fere
187 2007 276 2044 prae
298 1995 430 2031 ceteris
457 1993 498 2028 hi
524 1992 590 2041 qui
607 1991 770 2028 Athenis
798 1990 1031 2027 advenerant
1043 2004 1053 2036 5
1081 1994 1120 2026 et
1146 2002 1195 2026 ex
1221 1989 1280 2026 his
1307 1989 1426 2038 magis
1444 1989 1480 2025 ei

94 2065 325 2112 probabatur
343 2060 598 2110 Hippoclides,

548 2174 621 2212 An
642 2172 911 2222 unfortunate
929 2170 1060 2208 dance.

151 2263 378 2306 134.—-Die
390 2261 504 2307 dicto,
517 2259 730 2298 Clisthenes
743 2256 917 2294 mactatis
930 2260 1081 2292 centum
1095 2255 1224 2300 bobus,
1238 2259 1276 2291 et
1288 2255 1388 2303 ipsos
1399 2267 1481 2304 pro-

98 2347 160 2373 cos
173 2339 212 2371 et
225 2335 378 2370 cunctos
393 2327 587 2376 Sicyonios
600 2325 714 2363 lautis
729 2324 848 2372 epulis
863 2322 1018 2368 excepit.
1067 2322 1225 2358 Peracta
1236 2334 1362 2368 coena,
1378 2322 1481 2370 proci
