1591 2492
85 61 188 86 PART
208 46 275 99 1v.]
476 46 690 84 SECOND
721 43 1074 81 EXPEDITION.
1423 43 1469 86 67

525 226 608 265 lee
626 225 777 275 taking
793 223 846 273 of
857 223 1042 261 Eretria.

139 314 425 354 loa—Persae
457 325 556 356 vero,
596 323 713 360 quum
749 308 937 346 Eretriam
981 306 1253 356 pervenissent,
1291 305 1472 356 expositis

84 382 210 431 copiis,
235 381 368 419 urbem
396 379 628 418 adoriuntur.
685 375 877 426 Oppidani
905 374 1059 424 quidem
1086 374 1214 424 egredi
1241 378 1279 411 et
1305 386 1472 424 pugnam

83 449 317 486 committere
331 460 408 485 non
423 446 624 493 audebant,
643 444 708 482 sed
722 456 850 481 muros
865 442 1068 480 defendere
1084 455 1192 479 curae
1207 441 1291 488 fuit,
1308 441 1472 491 quando-

83 516 235 565 quidem
253 516 396 553 vicerat
414 513 603 552 sententia
621 525 698 550 non
725 509 1013 560 relinquendam
1041 522 1120 547 esse
1147 509 1290 546 urbem.
1347 508 1472 556 Quum

82 588 208 621 autem
244 583 379 621 acriter
423 585 706 632 oppugnaretur
741 592 883 627 murus,
921 579 1023 616 intra
1059 591 1126 615 sex
1162 577 1242 615 dies
1278 577 1390 614 multi
1425 590 1473 614 ex

81 657 240 700 utraque
267 655 375 700 parte
402 650 618 700 perierunt:
649 647 810 698 septimo
838 660 928 684 vero
948 646 1021 692 die,
1050 646 1226 683 nonnulli
1253 659 1302 682 ex
1329 645 1472 682 civibus

81 718 213 756 urbem
245 718 369 755 Persis
400 715 661 766 prodiderunt.
728 714 812 762 Qui,
842 714 975 751 urbem
1006 713 1176 762 ingressi,
1205 712 1337 750 aedem
1365 711 1474 762 spoli-

80 790 193 823 arunt
210 784 543 833 incenderuntque,
560 794 721 832 poenam
739 781 836 818 hanc
860 780 1111 830 rependentes
1130 780 1179 818 ob
1198 780 1330 817 aedem
1350 779 1473 817 Sardi-

80 853 150 890 bus
177 856 380 890 crematam
392 866 403 898 3
429 850 600 888 homines
623 853 761 895 autem,
780 852 824 885 ut
842 848 1002 885 iusserat
1020 847 1171 895 Darius,
1192 847 1231 884 in
1251 846 1473 885 servitutem

81 920 357 957 abstraxerunt.

447 1041 529 1080 lee
547 1040 749 1080 Persz'ans
769 1040 875 1079 land
891 1040 934 1078 2'72
956 1039 1111 1078 Attica.

134 1127 454 1169 194.-Subacta
471 1126 631 1174 Eretria,
649 1125 786 1163 Persae
805 1125 845 1162 in
863 1125 1033 1162 Atticam
1052 1125 1290 1174 navigarunt.
1334 1125 1473 1172 Quum-

79 1210 150 1246 que
165 1195 370 1234 Marathon
386 1198 483 1232 esset
500 1193 618 1232 totius
631 1193 783 1230 Atticae
797 1193 962 1230 maxime
977 1192 1136 1230 idoneus
1151 1192 1342 1242 equitibus
1356 1192 1471 1238 locus,

79 1264 132 1302 ibi
151 1264 275 1314 copias
295 1275 482 1312 exponere
501 1261 611 1299 iussit
630 1261 804 1311 Hippias,
825 1261 890 1310 qui
910 1260 1001 1298 olim
1027 1264 1213 1310 tyrannus
1232 1260 1472 1298 Athenarum

78 1332 161 1370 fuit.
216 1331 255 1369 Is
274 1330 375 1381 apud
393 1330 554 1368 Darium
573 1329 638 1367 diu
657 1329 818 1377 vixerat,
840 1342 861 1366 a
881 1329 1025 1366 civibus
1051 1329 1127 1366 suis
1145 1342 1261 1378 regno
1281 1328 1470 1378 expulsus.

79 1400 161 1446 Qua
178 1412 218 1436 re
238 1398 398 1448 cognita,
418 1397 671 1435 Athenienses
690 1397 806 1434 etiam
824 1397 896 1446 ipsi
921 1396 1152 1434 Marathona
1179 1396 1331 1434 obviam
1358 1395 1473 1434 hosti-

77 1468 148 1504 bus
184 1467 322 1517 egressi
358 1471 456 1504 sunt.
525 1465 731 1503 Duxerunt
762 1469 889 1502 autem
925 1465 1009 1502 illos
1041 1464 1171 1502 decem
1204 1464 1449 1514 imperatores
1462 1478 1472 1510 ;

80 1547 238 1583 quorum
258 1534 424 1572 decimus
444 1533 639 1570 Miltiades
659 1537 750 1579 erat,
772 1532 819 1569 de
839 1545 913 1581 quo
933 1546 1046 1582 supra
1064 1536 1261 1570 narratum
1280 1537 1347 1570 est.

216 1707 254 1745 T
251 1706 299 1745 lle
318 1705 488 1745 mission
509 1706 561 1756 of
574 1704 844 1755 Plcidzppides
865 1705 954 1743 and
968 1705 1202 1755 apparz'tz'on
1223 1705 1275 1754 os
1288 1704 1353 1744 tlze

673 1775 762 1825 god
776 1775 884 1814 Pan.

134 1861 384 1902 195.—Tum
402 1874 491 1898 vero
521 1861 697 1910 Spartam
724 1861 860 1898 missus
880 1865 938 1897 est
963 1873 1095 1910 praeco
1116 1860 1378 1911 Phidippides,
1408 1860 1471 1910 qui

78 1943 186 1968 cursu
201 1929 415 1967 celerrimus
429 1928 512 1966 fuit.
568 1928 651 1975 Cui,
667 1932 711 1965 ut
725 1928 804 1977 ipse
818 1932 960 1974 narrat,
978 1927 1071 1965 deus
1086 1928 1168 1965 Pan
1184 1928 1335 1966 obviam
1350 1929 1472 1966 factus

78 2002 144 2044 est,
171 1996 468 2046 compellatoque
495 1995 721 2033 nominatim
748 1994 991 2044 Phidippide,
1011 1995 1121 2032 iussit
1140 2008 1227 2032 eum
1253 1996 1471 2033 renuntiare

80 2064 376 2102 Atheniensibus
400 2063 485 2101 illos
512 2063 656 2100 nullam
684 2063 742 2101 sui
770 2076 897 2101 curam
924 2063 1075 2110 habere,
1105 2063 1278 2112 quamvis
1306 2064 1356 2101 sit
1385 2064 1473 2101 ami-

78 2132 248 2170 cissimus
275 2131 451 2179 Athenis,
481 2145 522 2169 ae
548 2131 625 2168 iam
652 2144 762 2181 saepe
790 2130 837 2168 de
865 2131 940 2168 illis
968 2131 1064 2169 bene
1091 2131 1250 2169 meritus
1277 2131 1404 2178 fuerit,
1434 2135 1473 2168 et

77 2204 209 2249 postea
228 2199 343 2237 etiam
369 2200 465 2237 bene
485 2199 535 2236 sit
553 2199 766 2237 meriturus.
823 2199 982 2237 Peracto
1010 2199 1127 2249 igitur
1154 2199 1266 2245 bello,
1286 2199 1472 2249 templum

77 2267 174 2305 Pani
210 2267 464 2305 Athenienses
501 2266 713 2312 condidere,
752 2279 911 2316 eumque
950 2267 1084 2304 annuis
1121 2266 1310 2304 sacrificiis
1352 2266 1472 2316 placa-

78 2339 224 2372 verunt.
