1591 2492
131 99 200 122 100
521 89 652 126 EASY
681 90 845 125 LATIN
876 91 1108 128 STORIES.
1321 89 1440 141 [PART
1459 101 1507 129 lv.

123 201 250 238 mirati
277 201 431 249 iudices,
451 216 614 252 poenam
640 205 887 254 pronuntiare
914 205 1099 252 nolentes,
1129 204 1230 255 apud
1257 205 1510 243 Artaxerxem

123 269 253 307 ambos
281 269 484 309 duxerunt.
540 271 639 308 Tum
657 284 747 309 vero
776 272 979 320 Rhacoces,
1001 286 1126 310 coram
1153 286 1241 323 rege
1268 273 1510 319 constitutus,

123 338 224 376 idem
242 340 464 389 postulavit.
522 339 594 378 Oui
613 353 706 378 rex:
736 340 823 378 ‘An
851 341 972 378 filium
1000 341 1228 379 morientem
1254 341 1385 380 videre
1404 341 1511 379 susti-

122 407 280 444 nebis'l'
334 407 478 445 Contra
509 407 727 446 Rhacoces:
771 408 922 455 ‘Quum
955 408 1122 446 surculos
1155 422 1301 446 amaros
1333 409 1511 446 arborum

122 474 315 521 abscindo,
335 475 389 511 nil
408 474 609 524 patiuntur
636 475 789 513 arbores
805 491 812 514 :
840 476 970 525 itaque
989 476 1066 513 filio
1086 476 1278 522 liberatus,
1299 489 1390 525 pace
1408 476 1511 512 fruar

217 542 224 558 5

121 542 211 591 ipse.
279 543 390 590 Quod
417 556 640 593 responsum
659 543 771 582 valde
798 544 956 582 miratus
974 544 1220 593 Artaxerxes,
1242 545 1343 582 inter
1369 544 1511 582 iudices

121 609 333 648 Rhacocem
365 624 446 649 esse
478 612 600 659 iussit,
633 611 819 661 dixitque,
850 625 947 661 eum,
982 613 1047 662 qui
1079 612 1199 649 filiurn
1231 625 1340 650 suum
1375 611 1510 662 punire

122 678 248 725 vellet,
277 680 420 717 bonum
448 680 610 718 iudicem
638 681 684 718 de
712 681 795 718 aliis
823 681 935 718 rebus
962 681 1054 719 fore.
1109 680 1208 718 Tum
1236 680 1366 728 filium,
1395 693 1511 730 quum

121 746 391 795 admonuisset,
412 747 569 787 dimisit.

484 920 737 960 'IL—THE
767 924 1207 962 AETHIOPIANS.

125 1038 248 1078 Some
275 1044 439 1077 account
457 1038 509 1089 of
531 1038 596 1077 tlte
620 1038 903 1090 Aethiopiam,
925 1045 962 1078 to
991 1039 1123 1078 wlzom
1156 1037 1368 1089 Cambyses
1391 1038 1510 1078 sends

685 1124 741 1148 an
761 1109 952 1160 embassy.

179 1195 545 1245 281.—Cambyses
581 1196 865 1245 expeditionem
901 1197 940 1233 in
976 1196 1187 1245 Aethiopas
1223 1195 1344 1233 facere
1376 1195 1510 1233 consti-

122 1263 203 1301 tuit.
260 1263 396 1313 Itaque
415 1263 668 1313 speculatores
687 1264 792 1301 misit
819 1263 1021 1301 nonnullos
1047 1277 1094 1301 ex
1111 1263 1424 1312 Ichthyophagis,
1445 1262 1510 1312 qui

119 1330 354 1381 Aethiopum
373 1344 546 1369 sermone
565 1331 763 1369 callebant.
820 1331 902 1369 Hos
922 1331 969 1369 ad
988 1331 1198 1380 Aethiopas
1221 1330 1336 1377 misit,
1357 1330 1509 1368 edoctos

119 1398 211 1448 quid
239 1398 364 1436 dicere
392 1399 587 1446 deberent,
610 1404 648 1436 et
666 1399 768 1436 dona
785 1399 962 1445 ferentes,
982 1399 1151 1448 pallium,
1172 1398 1337 1435 armillas
1365 1410 1507 1444 aureas,

119 1470 157 1503 et
175 1465 256 1503 vini
284 1471 419 1503 utrem.
475 1466 666 1517 Dicuntur
693 1471 821 1503 autem
848 1466 888 1503 hi
915 1466 1125 1515 Aethiopes
1157 1465 1355 1502 fortissimi
1373 1469 1411 1502 et
1429 1465 1510 1514 pul-

119 1533 296 1570 cherrimi
315 1546 395 1571 esse
414 1534 583 1571 omnium
601 1534 799 1571 hominum
817 1549 824 1571 :
855 1546 1119 1583 quemcunque
1138 1533 1254 1570 etiam
1281 1546 1330 1570 ex
1356 1533 1402 1570 iis
1430 1532 1510 1582 pul-

119 1601 347 1638 cherrimum
374 1606 413 1638 et
440 1602 606 1651 corporis
634 1602 778 1639 viribus
805 1601 1176 1651 praestantissimum
1203 1600 1383 1647 iudicant,
1409 1600 1509 1637 hunc

119 1682 247 1719 regem
265 1669 419 1708 faciunt.
473 1669 536 1707 Ad
564 1670 633 1707 hos
663 1670 780 1719 igitur
811 1669 984 1707 homines
1012 1669 1078 1707 ubi
1097 1668 1335 1706 advenerunt
1362 1668 1510 1716 Icthyo-

119 1736 244 1786 phagi,
276 1737 369 1775 haec
396 1738 513 1775 verba
544 1738 738 1776 fecerunt:
778 1738 1009 1786 ‘Cambyses
1039 1738 1242 1774 Persarum
1273 1750 1351 1782 rex,
1385 1740 1510 1773 tecum

119 1804 339 1854 hospitium,
369 1818 390 1842 o
418 1818 496 1852 rex,
526 1805 681 1855 iungere
711 1806 876 1855 cupiens,
901 1818 971 1842 nos
998 1805 1113 1852 misit,
1136 1809 1174 1842 et
1193 1804 1293 1842 dona
1320 1803 1391 1842 tibi
1417 1803 1509 1841 haec

122 1871 202 1919 dat,
223 1885 385 1922 quorum
403 1886 473 1910 usu
493 1877 531 1910 et
550 1873 630 1923 ipse
649 1874 815 1911 maxime
834 1872 1070 1911 delectatur.'

414 1993 498 2032 lee
515 2007 679 2033 answer
697 1993 749 2044 of
762 1993 826 2032 tlze
843 1992 1094 2044 Aethiopiam
1115 1992 1226 2042 king.

171 2078 481 2126 282.-Quibus
500 2079 688 2129 Aethiops
715 2079 933 2129 intelligens
952 2078 1082 2116 venire
1102 2091 1164 2115 eos
1184 2082 1227 2114 ut
1245 2076 1506 2127 speculatores,

121 2145 159 2183 in
191 2146 291 2184 hunc
322 2147 480 2185 modum
510 2147 735 2197 respondit:
776 2151 785 2168 ‘
803 2147 939 2196 Neque
971 2146 1174 2183 Persarum
1206 2157 1274 2182 rex
1305 2157 1372 2182 vos
1403 2144 1507 2182 misit

120 2215 221 2252 dona
251 2214 415 2253 ferentes
430 2230 441 2263 3
477 2228 547 2253 nec
578 2229 646 2254 vos
675 2229 765 2253 vera
801 2214 952 2252 dicitis:
988 2227 1057 2251 nec
1089 2213 1151 2250 ille
1184 2212 1242 2250 vir
1273 2212 1394 2250 bonus
1426 2216 1508 2250 est:

121 2295 208 2319 nam
227 2282 259 2319 si
276 2282 398 2320 bonus
417 2287 526 2330 esset,
546 2296 624 2320 non
643 2283 848 2332 cupivisset
866 2281 970 2320 aliud
989 2281 1192 2331 imperium
1218 2284 1369 2330 praeter
1387 2292 1507 2325 suum,

121 2363 188 2387 uec
215 2350 254 2386 in
287 2350 510 2388 servitutem
541 2351 749 2400 redegisset
780 2349 964 2395 homines,
998 2349 1063 2397 qui
1095 2348 1200 2385 nulla
1231 2347 1340 2385 illum
1373 2346 1511 2384 iniuria
