1591 2492
70 98 172 125 PART
191 87 234 139 1.]
464 70 477 79 ”
592 88 925 126 ANECDOTES.
1415 103 1429 126 1
1441 103 1454 126 1

69 205 232 253 patriam
264 203 449 241 auferri'l'
478 203 624 252 inquit:
655 203 863 240 ‘Minime:
901 202 1068 252 undique
1100 203 1201 241 enim
1233 204 1281 241 ad
1315 204 1459 242 Inferos

70 271 202 310 eadem
221 276 279 310 est
296 271 381 309 via!

534 426 749 476 Lysander
767 433 813 464 at
835 426 1000 465 Sardis.

122 526 371 576 39.—-Cyrus
390 527 524 574 minor,
545 528 719 577 princeps
739 528 941 564 Persarum
959 532 1155 577 praestans
1174 528 1326 578 ingenio
1346 533 1460 579 atque

70 595 219 645 imperii
246 595 377 645 gloria,
407 596 649 645 Lysandrum
677 595 1029 643 Lacedaemonium,
1049 597 1174 634 virum
1202 610 1370 635 summae
1390 599 1462 635 vir-

71 664 174 710 tutis,
204 664 386 702 Sardibus
422 664 512 702 olim
549 664 713 714 hospitio
746 665 904 714 excepit.
961 665 1062 702 Huic
1094 665 1298 715 quemdam
1330 680 1462 717 agrum

71 731 274 782 diligenter
293 733 438 770 cultum
457 733 635 771 ostendit.
691 733 852 771 Miranti
872 737 1000 770 autem
1019 733 1218 783 Lysandro
1240 735 1404 782 arbores,
1425 740 1463 772 et

70 800 229 838 humum
247 801 388 838 cultam
407 805 445 838 et
463 801 559 838 bene
574 800 777 851 dispositos
792 800 955 848 ordines,
972 801 1095 851 Cyrus
1109 802 1307 852 respondit
1322 818 1329 840 :
1360 807 1369 823 ‘
1381 803 1462 853 Ego

70 869 198 907 omnia
228 869 294 906 illa
330 869 520 918 disposui:
549 869 624 906 mei
660 874 749 906 sunt
786 869 937 907 ordines
951 885 961 917 5
998 871 1141 908 multae
1169 872 1285 908 etiam
1312 871 1463 909 illarum

70 938 248 976 arborum
274 950 358 975 mea
385 951 499 975 manu
528 942 618 975 sunt
645 937 771 975 satae.’
841 938 939 975 Tum
968 938 1174 987 Lysander,
1196 939 1330 977 videns
1359 953 1465 977 orna-

70 1010 154 1043 tum
169 1005 247 1043 cius
262 1006 383 1043 multo
399 1019 488 1043 auro
505 1005 697 1052 eximium,
714 1006 811 1044 dixit
829 1022 835 1044 :
858 1007 996 1044 ‘Recte
1011 1020 1101 1045 vero
1116 1012 1165 1054 te,
1183 1008 1293 1058 Cyre,
1309 1008 1464 1046 beatum

70 1075 208 1121 ferunt,
230 1075 367 1112 virtuti
386 1075 487 1112 enim
506 1078 594 1112 tuae
613 1074 771 1112 divitiae
791 1074 943 1112 additae
964 1076 1075 1114 sunt!

557 1260 763 1311 Conlempt
781 1262 832 1311 of
844 1261 979 1300 death.

122 1364 381 1410 40.—Quam
413 1376 551 1413 magno
585 1363 711 1400 animo
744 1363 817 1400 fuit
850 1363 1105 1401 Theramenes
1121 1366 1128 1401 1
1157 1363 1259 1402 Olim
1292 1364 1393 1402 enim
1425 1365 1464 1401 in

70 1445 255 1469 carcerem
287 1445 335 1469 ex
361 1431 543 1468 mandato
572 1431 732 1480 triginta
763 1435 1015 1480 tyrannorum
1044 1432 1245 1479 coniectus,
1275 1446 1464 1470 venenum

70 1500 180 1547 bibit,
201 1505 239 1538 et
257 1500 446 1549 reliquum
466 1513 485 1537 e
505 1499 639 1549 poculo
658 1499 699 1536 in
718 1512 784 1536 vas
803 1500 939 1538 emisit.
997 1500 1133 1538 Sonitu
1153 1505 1281 1538 autem
1300 1501 1464 1548 reddito,

69 1568 198 1606 ridens
212 1568 348 1618 inquit,
368 1573 376 1589 ‘
388 1569 459 1606 hoc
473 1568 603 1618 pulcro
619 1567 785 1606 Critiae.'
839 1568 978 1606 Critias
994 1573 1122 1606 autem
1136 1569 1176 1606 in
1191 1583 1278 1607 eum
1291 1569 1466 1607 crudelis-

70 1638 186 1676 simus
205 1638 338 1675 fuerat.
396 1637 531 1675 Graeci
547 1637 649 1675 enim
667 1637 707 1674 in
723 1637 843 1687 epulis
858 1637 1035 1687 poculum
1048 1638 1159 1676 alicui
1171 1638 1362 1685 tradituri,
1379 1652 1465 1676 eum

69 1706 265 1744 nominare
284 1706 415 1744 solent.

669 1858 864 1899 Socrates.

120 1963 298 2002 41.—In
317 1962 480 2001 eundem
500 1975 685 2000 carcerem
699 1963 828 2012 paucis
843 1966 929 2011 post
944 1962 1053 2000 annis
1068 1962 1241 2000 Socrates
1257 1963 1313 2010 iit,
1331 1963 1464 2001 eodem

70 2032 207 2069 scelere
242 2031 420 2069 iudicum.
495 2031 569 2077 Qui
605 2034 662 2068 est
698 2031 816 2080 igitur
851 2030 931 2067 eius
976 2044 1098 2067 sermo
1146 2031 1247 2080 apud
1294 2031 1463 2069 iudices?

71 2103 79 2119 ‘
95 2099 311 2146 Lubenter‚'
331 2099 467 2148 inquit,
489 2102 498 2119 ‘
510 2099 625 2136 morti
641 2098 793 2136 obviam
811 2099 884 2136 ibo.
941 2098 1119 2136 Alterum
1138 2099 1240 2136 enim
1255 2099 1301 2136 de
1316 2100 1464 2137 duobus

69 2169 157 2206 fiet:
186 2172 251 2205 aut
270 2181 400 2205 sensus
420 2167 574 2204 omnino
595 2179 725 2204 omnes
742 2179 844 2204 mors
868 2167 1025 2213 auferet,
1046 2172 1113 2204 aut
1140 2167 1180 2204 in
1207 2168 1323 2205 alium
1351 2181 1464 2217 quen-

69 2236 159 2274 dam
178 2249 226 2273 ex
243 2235 303 2273 his
321 2236 413 2273 locis
432 2235 631 2273 abibimus.
686 2234 822 2284 Itaque
841 2239 907 2272 aut
934 2248 1066 2272 somno
1094 2235 1273 2280 fruemur,
1295 2241 1361 2273 aut
1379 2249 1464 2273 cum

70 2305 214 2354 optimo
233 2318 382 2354 quoque
401 2304 482 2342 cive
501 2303 605 2353 loqui
624 2303 833 2352 poterimus
852 2308 891 2341 et
910 2303 1074 2341 versari'
