1591 2492
100 97 143 121 22
493 85 624 121 EASY
653 85 818 120 LATIN
847 84 1079 122 STORIES.
1312 84 1434 137 [PART
1454 98 1477 123 1.

60 225 62 227 ·
99 198 298 236 Persarum
317 211 384 234 rex
399 197 530 243 faetus,
546 198 742 246 Astyagen
757 198 855 235 bello
868 198 1019 245 devicit,
1035 199 1267 248 imperioque
1281 199 1481 237 Medorum

97 266 242 315 potitus
262 270 329 303 est,

579 385 703 424 Solon
724 385 814 424 and
833 385 868 426 C
866 399 1009 425 rocsus.

149 471 394 512 78.—Solon
426 471 673 508 Atheniensis
704 484 859 520 peregre
890 471 1093 520 profectus,
1123 472 1163 509 in
1193 473 1414 522 Aegyptum
1443 485 1482 511 se

99 539 260 578 contulit
291 539 339 576 ad
371 538 542 585 Amasin,
563 542 676 587 atque
709 539 824 575 etiam
856 538 993 576 Sardes
1024 539 1073 576 ad
1105 539 1296 578 Croesum.
1353 540 1414 578 Ibi
1444 541 1484 578 in

98 608 201 658 regia
232 607 344 644 domo
381 606 546 656 hospitio
583 610 763 655 exceptus
796 610 853 643 est
885 620 906 643 a
938 606 1087 644 Croeso.
1143 607 1240 644 Tum
1272 608 1385 645 tertio
1417 612 1484 645 aut

99 680 235 726 quarto
254 679 341 724 post
368 674 434 722 die*
470 674 625 711 iubente
653 673 805 720 Croeso,
836 674 1000 711 ministri
1027 675 1126 724 regis
1153 674 1484 713 circumduxerunt

100 744 277 782 Solonem
308 742 505 779 thesauros
542 754 672 778 omnes
704 745 950 780 ostentantes.
1024 742 1123 779 Tum
1154 742 1222 779 tali
1252 742 1366 780 modo
1398 756 1484 780 eum

101 814 342 861 percontatus
369 814 427 847 est
454 809 638 847 Croesus:
677 809 852 859 ‘Hospes
878 810 1147 856 Atheniensis,'
1175 810 1311 859 inquit,
1341 811 1485 848 ‘multa

100 880 149 917 ad
180 892 249 916 nos
281 878 329 916 de
360 883 398 915 te
429 878 530 915 sama
562 877 746 926 pervenit,
768 891 884 926 quum
903 878 1109 927 sapientiae
1128 882 1215 915 tuae
1243 890 1382 924 caussa,
1401 882 1485 915 tum

100 947 302 984 itinerum:
331 945 537 995 sapientiae
557 945 657 982 enim
677 944 803 982 studio
823 945 975 982 deditus
996 945 1135 982 multas
1154 949 1273 982 terras
1292 945 1485 994 spectandi

101 1027 230 1052 caussa
248 1013 386 1051 adiisti.
442 1012 553 1060 Nunc
573 1012 689 1062 igitur
707 1012 919 1062 ingreditur
937 1012 976 1049 in
995 1026 1055 1049 me
1074 1012 1208 1062 cupido
1236 1026 1284 1049 ex
1310 1017 1348 1049 te
1367 1013 1485 1050 scisci-

101 1082 219 1120 tandi.
277 1081 486 1128 Quemnam
501 1080 624 1117 adhuc
638 1080 769 1118 vidisti
784 1080 953 1117 omnium
967 1080 1164 1117 hominum
1178 1080 1436 1117 beatissimum
1451 1082 1463 1116 2
1476 1080 1484 1094 '

102 1150 315 1188 Videbatur
333 1153 460 1186 autem
480 1148 550 1185 sibi
570 1148 738 1185 omnium
757 1148 996 1185 beatissimus
1015 1161 1104 1186 esse.

570 1268 704 1306 Tellus
726 1268 790 1307 the
807 1268 844 1306 A
855 1268 1030 1306 theman.

154 1362 335 1402 79.—At
354 1361 480 1408 Solon,
497 1361 601 1398 nulla
620 1374 708 1397 usus
727 1361 981 1398 assentatione
1000 1360 1214 1410 respondit:
1263 1365 1272 1382 ‘
1284 1361 1364 1411 Ego
1384 1374 1484 1407 vero,

102 1429 362 1469 beatissimum
394 1429 653 1484 vidi‘pTeHum
681 1428 980 1466 Atheniensem.’
1046 1428 1130 1465 Hoc
1158 1427 1301 1465 dictum
1328 1428 1486 1465 miratus

103 1499 263 1537 Croesus
283 1497 453 1547 quaerit:
483 1483 492 1517 ἕ
508 1497 590 1544 Qua
608 1496 763 1533 tandem
782 1496 927 1533 ratione
947 1496 1095 1533 Tellum
1114 1496 1374 1533 beatissimum
1392 1496 1486 1533 iudi-

103 1566 211 1605 cas'l'
282 1565 354 1603 Cui
391 1565 529 1602 Solon:
578 1564 753 1610 ‘Tellus,'
791 1564 927 1612 inquit,
966 1564 1149 1600 ‘florente
1186 1563 1350 1610 civitate,
1389 1564 1486 1601 filios

102 1635 287 1673 habuerat
322 1634 441 1670 bonos
476 1633 578 1670 viros
621 1632 886 1680 honestosque,
924 1631 1160 1680 filiorumque
1196 1631 1292 1668 filios
1336 1631 1484 1677 liberos,

103 1715 241 1751 eosque
273 1713 403 1738 omnes
435 1700 678 1749 superstites:
718 1699 894 1748 idemque
930 1699 1030 1736 vitae
1067 1699 1181 1735 finem
1216 1698 1350 1736 habuit
1383 1711 1487 1747 prae-

104 1770 267 1807 clarum:
306 1782 394 1806 nam
421 1768 461 1805 in
487 1781 615 1817 pugna
641 1780 709 1816 pro
736 1767 860 1816 patria
887 1766 1089 1803 fortissime
1116 1779 1298 1821 pugnans,
1328 1766 1485 1803 devictis

103 1838 288 1889 hostibus,
308 1835 529 1873 interfectus
557 1839 636 1873 est:
674 1839 757 1871 tum
784 1834 823 1871 in
851 1833 985 1871 eodem
1012 1834 1093 1870 loco
1121 1834 1169 1871 ab
1188 1833 1486 1870 Atheniensibus

98 1909 268 1957 sepultus
283 1917 351 1954 est,
367 1908 493 1945 virum
508 1906 878 1956 praestantissimum
892 1906 1159 1943 laudantibus!
1214 1905 1312 1942 Tum
1327 1904 1489 1942 Croesus

96 1983 243 2032 inquit:
273 1987 281 2003 ‘
299 1983 510 2030 Quemnam
530 1982 738 2020 secundum
757 1982 804 2020 ab
824 1982 888 2020 illo
908 1982 1041 2019 vidisti
1059 1981 1320 2019 beatissimum
1334 1981 1363 2018 2’

589 2133 740 2174 Cleobis
759 2135 848 2171 and
865 2134 999 2172 Biton.

152 2229 338 2268 80.-—At
364 2227 427 2264 ille
455 2226 601 2275 inquit:
643 2225 827 2263 ‘Cleobin
855 2230 894 2262 et
921 2225 1108 2262 Bitonem.
1164 2224 1237 2262 His
1264 2225 1368 2262 enim
1394 2227 1486 2263 satis

98 2296 221 2333 victus
240 2300 332 2341 erat,
353 2300 391 2332 et
409 2307 567 2343 magnae
596 2292 760 2341 corporis
788 2292 897 2329 vires.
953 2292 1143 2329 Dicuntur
1170 2292 1286 2329 etiam
1311 2298 1484 2339 matrem,

99 2364 229 2414 iugum
249 2363 320 2413 ipsi
340 2363 555 2403 subeuntes,
576 2372 687 2397 curru
714 2360 753 2396 in
781 2359 966 2410 templum
995 2359 1152 2396 Iunonis
1178 2359 1349 2404 traxisse,
1369 2359 1484 2396 boves
