1591 2492
116 49 162 85 66
511 49 642 86 EASY
671 49 837 84 LATIN
866 49 1098 86 STORIES.
1305 47 1426 99 [PART
1446 60 1495 86 1v.

112 163 228 209 venit,
248 176 326 201 non
343 177 474 213 passus
492 169 550 201 est
569 163 725 201 classem
742 163 790 201 ad
815 163 977 201 insulam
996 164 1182 214 appellere
1195 179 1205 212 3
1233 170 1272 202 et
1297 170 1500 215 postquam

113 231 299 280 cognovit,
321 243 395 280 quo
415 244 453 269 se
471 230 573 268 Delii
591 230 828 280 recepissent,
845 230 959 268 misso
977 244 1170 280 praecone,
1186 232 1278 270 haec
1295 232 1342 270 iis
1360 232 1499 270 edixit:

117 297 216 336 ‘Cur
250 298 340 348 fuga
376 298 498 346 abitis,
527 298 601 335 viri
637 298 783 336 sancti'l
823 311 871 335 ne
908 311 969 335 me
999 298 1272 348 nequissimum
1307 299 1500 337 hominem

111 365 345 414 putaveritis.
402 365 486 403 Hoc
513 365 608 403 mihi
634 365 858 403 mandatum
886 369 943 402 est
970 379 992 403 a
1018 378 1115 416 rege,
1142 380 1199 415 ne,
1228 380 1303 416 qua
1334 366 1374 404 in
1400 370 1501 404 terra

111 432 152 470 hi
171 432 245 470 duo
265 433 319 470 dii
337 433 418 470 nati
437 433 524 480 sint,
546 446 629 470 eam
656 445 726 470 neu
742 433 883 470 incolas
910 433 990 470 eius
1017 432 1176 471 laedam.
1231 434 1354 480 Quare
1380 434 1501 472 redite

113 500 161 537 ad
187 504 332 538 vestras
360 500 490 538 sedes.'
545 500 616 537 His
635 500 746 537 dictis
772 504 941 537 trecenta
966 500 1061 537 turis
1089 501 1232 538 talenta
1259 514 1370 550 super
1397 515 1499 539 aram

113 571 289 617 congesta
307 567 462 605 adoluit.

433 705 516 744 lee
524 706 759 757 fulfilment
777 707 830 757 os
840 720 896 745 an
916 707 1196 758 oldpropllecy.

169 791 409 831 l9l.-—Post
426 790 637 840 digressum
656 792 857 828 Persarum
876 805 924 829 ex
942 792 1011 829 hac
1034 792 1197 842 regione,
1218 797 1405 830 commota
1432 798 1501 830 tre-

112 858 210 896 muit
237 857 375 896 Delos:
404 857 506 907 quod
524 871 593 895 nec
612 863 700 896 ante
718 858 758 895 id
777 863 938 908 tempus,
962 863 1006 896 ut
1034 859 1141 896 aiunt
1168 858 1279 906 Delii,
1309 873 1376 898 nec
1403 865 1500 910 post,

114 924 162 962 ad
188 937 312 962 meam
329 937 447 974 usque
466 928 643 971 aetatem,
664 925 806 962 factum
824 930 891 963 est.
948 926 999 962 Et
1026 926 1096 963 hoc
1115 926 1269 975 quidem
1287 926 1503 976 prodigium

114 991 234 1029 edidit
252 991 366 1038 Deus,
382 995 426 1029 ut
444 992 683 1029 imminentia
700 992 917 1030 hominibus
936 993 1035 1030 mala
1049 993 1286 1043 significaret.
1343 994 1503 1032 Constat

114 1064 241 1097 autem
262 1059 508 1109 regnantibus
526 1059 654 1107 Dario,
676 1059 816 1106 Xerxe,
837 1060 1062 1106 Artaxerxe,
1082 1060 1191 1110 plura
1209 1061 1309 1099 mala
1327 1062 1503 1099 afflixisse

115 1127 322 1175 Graeciam,
343 1140 458 1176 quam
475 1140 543 1176 per
560 1127 698 1177 Viginti
716 1127 807 1165 alias
826 1129 1087 1177 generationes
1106 1141 1202 1178 quae
1229 1133 1317 1166 ante
1344 1128 1503 1167 Darium

115 1194 342 1232 exstiterint.
397 1194 532 1243 Itaque
553 1207 631 1232 non
649 1195 729 1232 sine
748 1208 878 1233 caussa
905 1200 1094 1233 commota
1121 1201 1180 1233 est
1206 1196 1332 1234 Delos.
1388 1196 1438 1234 Et
1465 1197 1503 1234 in

115 1262 293 1300 vaticinio
312 1262 367 1299 ita
384 1262 567 1311 scriptum
586 1267 644 1299 est
661 1278 720 1300 :—

413 1344 452 1372 Et
466 1344 586 1377 Delum,
605 1344 743 1381 quamvis
758 1345 798 1372 sit
812 1344 911 1372 adhuc
926 1345 1062 1377 immota,
1080 1345 1216 1373 movebo.

116 1413 221 1451 Haec
239 1419 367 1451 autem
385 1413 459 1451 tria
477 1414 633 1450 nomina
655 1413 725 1451 hoc
749 1413 961 1463 significant
980 1413 1123 1451 Graeco
1142 1427 1313 1452 sermone
1331 1429 1338 1451 z
1366 1414 1504 1452 Darius

118 1480 368 1526 coercitorem,
389 1479 536 1516 Xerxes
555 1479 788 1525 bellatorem,
808 1479 1041 1517 Artaxerxes
1060 1493 1239 1530 magnum
1258 1480 1488 1519 bellatorem.

524 1618 559 1657 S
563 1625 645 1657 tate
663 1619 715 1668 of
726 1619 876 1669 affairs
896 1626 942 1658 at
961 1619 1145 1659 Eretria.

174 1704 560 1744 192.——Eretrienses
579 1709 717 1750 autem,
737 1705 804 1742 ubi
833 1709 1090 1754 cognoverunt
1115 1719 1195 1743 sese
1219 1706 1298 1755 peti
1323 1720 1344 1743 a
1369 1707 1504 1753 Persis,

122 1771 371 1808 Athenienses
391 1775 547 1808 orarunt
566 1776 609 1808 ut
629 1771 770 1808 auxilia
788 1772 995 1810 mitterent.
1052 1772 1187 1821 Itaque
1215 1773 1342 1822 copiae
1362 1774 1505 1811 auxilio

119 1838 164 1875 iis
183 1837 382 1875 confestim
399 1838 535 1876 missae
554 1843 652 1875 sunt.
708 1839 762 1875 At
773 1839 812 1875 in
825 1839 1104 1877 Eretriensibus
1119 1853 1252 1877 sanum
1266 1841 1414 1878 nullum
1426 1845 1507 1878 erat

118 1905 324 1943 consilium.
383 1905 456 1952 Qui
474 1906 728 1943 Athenienses
746 1911 985 1955 vocaverant,
1006 1907 1079 1956 ipsi
1096 1907 1136 1944 in
1155 1907 1249 1945 duas
1267 1907 1380 1945 divisi
1398 1913 1507 1946 erant

119 1973 344 2010 sententias:
392 1985 480 2010 nam
516 1972 599 2010 aliis
634 1973 782 2010 animus
818 1978 908 2021 erat,
945 1973 1077 2011 relicta
1111 1974 1204 2012 urbe
1240 1975 1280 2012 in
1315 1976 1507 2025 superiora

119 2039 294 2078 Euboeae
312 2040 394 2077 loca
415 2053 454 2077 se
472 2040 658 2090 recipere:
686 2040 751 2078 alii
768 2053 868 2089 vero,
888 2041 1082 2090 privatum
1109 2046 1306 2091 quaestum
1333 2056 1355 2080 a
1382 2043 1506 2081 Persis

119 2113 323 2157 sperantes,
339 2109 471 2146 urbem
483 2109 641 2158 prodere
655 2110 850 2158 parabant.
882 2109 1027 2157 Quibus
1040 2110 1152 2148 rebus
1167 2111 1335 2161 cognitis,
1353 2112 1506 2161 quidam

119 2188 138 2211 e
163 2175 390 2225 primoribus
417 2176 670 2214 Athenienses
698 2177 831 2222 oravit,
860 2182 904 2214 ut
930 2177 1086 2214 domum
1112 2177 1291 2224 redirent,
1321 2191 1368 2215 ne
1396 2179 1507 2216 simul

120 2255 204 2279 cum
235 2242 513 2281 Eretriensibus
540 2243 717 2293 perirent.
774 2244 908 2293 Itaque
935 2244 1067 2281 statim
1095 2256 1224 2282 omnes
1251 2245 1423 2283 Athenas
1454 2259 1507 2283 re—

121 2310 217 2346 versi
235 2310 443 2358 pen'culum
461 2315 670 2348 evaserunt.
