1591 2492
109 94 157 129 94
509 83 642 119 EASY
671 82 839 118 LATIN
870 80 1106 118 STORIES.
1309 79 1428 131 [PART
1449 91 1496 118 1v.

106 202 211 236 veste
248 197 413 236 obducto
451 198 584 247 capite,
620 197 719 236 fame
751 198 875 247 perire
912 197 1121 236 constituit.
1181 196 1326 244 Quibus
1360 197 1500 234 auditis

105 266 279 312 Pericles,
298 266 347 303 ad
365 266 637 316 Anaxagoram
658 279 696 304 se
717 266 890 312 contulit,
905 279 1068 315 eumque
1088 265 1212 303 oravit
1232 270 1274 303 ut
1288 266 1447 311 viveret,
1463 269 1501 302 et

105 334 317 384 sapientem
330 335 499 372 animum
513 340 692 381 servaret,
710 335 906 384 lucemque
923 335 1037 380 illam,
1053 348 1148 384 quae
1164 335 1235 371 sibi
1249 340 1399 371 tantum
1411 333 1500 371 boni

104 403 351 451 praebuisset.
409 402 481 440 Cui
502 404 760 452 Anaxagoras,
787 404 994 449 ῬΜ-10165]
1015 404 1151 452 inquit,
1173 404 1231 449 ‘ii,
1254 405 1391 452 quibus
1406 416 1501 452 opus

105 477 164 509 est
191 471 356 517 lucerna,
387 471 511 509 oleum
541 472 750 521 praebent.'
806 472 941 522 Itaque
975 486 1022 510 ex
1056 486 1098 511 eo
1128 479 1308 523 tempore,
1339 472 1502 510 Pericles

105 553 244 589 magno
264 540 393 578 studio
413 542 684 590 Anaxagoram
704 553 852 591 semper
872 541 999 578 coluit.

673 652 709 690 A
731 652 841 702 good
856 666 938 691 sou.

157 737 405 777 266.—Rex
425 737 527 783 olim,
549 750 666 786 quum
686 751 837 774 servum
857 751 989 775 vocare
1009 739 1136 785 vellet,
1157 744 1195 776 et
1223 740 1330 790 signo
1350 741 1498 790 saepius

106 806 196 844 dato
217 806 408 843 neminem
436 805 567 842 adesse
587 806 775 852 sensisset,
797 819 967 855 egressus
987 811 1055 853 est,
1076 813 1119 844 ut
1147 809 1282 845 certior
1301 809 1407 846 fieret
1425 822 1499 858 qua

106 875 153 913 de
182 888 312 913 caussa
340 888 470 912 servus
498 888 574 912 non
600 874 758 912 adesset.
817 875 938 921 Quem
966 875 1121 924 quidem
1148 876 1295 913 invenit
1314 876 1499 914 dormien-

105 948 195 990 tem,
216 948 266 990 et,
287 956 406 992 quum
424 948 626 980 vocaturus
654 947 764 990 esset,
793 943 922 980 literas
941 943 1040 980 vidit
1067 957 1086 981 e
1115 944 1199 981 sinu
1219 946 1334 982 vestis
1362 945 1496 995 lapsas,

105 1024 198 1061 quas
230 1011 294 1048 ille
326 1024 448 1060 nuper
479 1011 704 1060 perlegerat.
770 1010 856 1048 Rex
888 1024 978 1049 vero
1011 1012 1139 1049 omnia
1171 1012 1314 1050 sciendi
1339 1014 1498 1063 cupidus

103 1080 232 1117 literas
250 1079 375 1129 legere
394 1079 548 1128 incepit,
569 1092 687 1128 quum
709 1083 838 1116 tamen
857 1092 879 1116 a
897 1084 1019 1117 matre
1038 1080 1117 1117 eius
1137 1081 1298 1130 scriptas
1325 1080 1498 1119 intellex-

104 1151 206 1197 isset,
228 1163 323 1200 quae
340 1150 482 1200 gratias
503 1154 632 1200 ageret
651 1149 753 1199 quod
773 1150 972 1200 pecuniam
991 1150 1167 1198 misisset,
1187 1151 1409 1201 iuberetque
1430 1152 1497 1190 tali

105 1219 259 1257 domino
279 1218 431 1255 fidelem
449 1231 541 1264 esse,
561 1231 605 1255 ea
632 1223 758 1255 motus
778 1218 921 1255 virtute
941 1218 1070 1256 literas
1098 1232 1183 1256 cum
1208 1219 1328 1257 multo
1348 1233 1438 1257 auro
1458 1220 1496 1258 in

105 1288 231 1325 sinum
254 1286 434 1336 reposuit.
492 1286 701 1335 Postquam
729 1286 826 1323 clam
854 1299 1024 1335 egressus
1052 1286 1091 1323 in
1118 1285 1230 1324 aedes
1257 1300 1343 1324 suas
1369 1287 1496 1334 rediit,

105 1356 213 1406 signo
242 1355 332 1392 dato
362 1367 513 1392 servum
533 1354 795 1403 expergefecit.
853 1353 927 1400 Qui
954 1358 998 1391 ut
1016 1355 1221 1391 exterritus
1249 1355 1408 1401 astabat,
1429 1368 1497 1393 rex

105 1424 243 1469 subito,
265 1428 274 1444 ‘
288 1436 352 1461 cur
371 1436 447 1460 non
477 1427 588 1460 antea
607 1422 845 1468 advenisset‚'
866 1422 973 1471 quasi
992 1422 1110 1459 iratus
1138 1422 1295 1472 rogavit.
1351 1422 1406 1460 At
1433 1423 1496 1461 ille

105 1492 204 1529 inter
231 1491 410 1541 legendas
438 1491 568 1528 literas
587 1490 769 1528 dormisse
790 1503 828 1527 se
848 1490 957 1528 (lixit.
1015 1490 1113 1528 Tum
1140 1504 1256 1528 manu
1285 1491 1333 1528 ad
1351 1496 1496 1529 vestem

105 1560 259 1598 admota
277 1573 354 1597 non
374 1559 502 1597 literas
522 1559 635 1596 modo
656 1558 720 1596 sed
749 1572 883 1596 aurum
903 1572 1052 1608 quoque
1080 1559 1236 1597 invenit.
1294 1559 1400 1606 Quod
1434 1561 1494 1597 ubi

105 1634 209 1665 metu
241 1627 434 1677 perculsus
468 1626 734 1676 conspiciebat,
767 1639 846 1672 rex,
882 1626 1007 1663 ‘bono
1039 1639 1118 1664 esse
1150 1627 1299 1674 animo,'
1328 1628 1493 1673 iubebat,

106 1696 325 1732 ‘fortunam
353 1695 455 1732 enim
482 1695 622 1732 bonam
649 1707 757 1743 saepe
770 1694 1046 1731 dormientibus
1067 1694 1305 1745 contingere:
1334 1697 1497 1735 auferret

105 1776 194 1813 ergo
222 1763 430 1812 pecuniam,
461 1767 500 1799 et
526 1762 641 1799 matri
669 1761 839 1807 donaret,
870 1775 1073 1812 regemque
1094 1762 1235 1800 diceret
1262 1763 1366 1801 illam
1385 1765 1496 1802 valde

106 1830 272 1876 laudare,
293 1830 396 1879 quod
415 1830 531 1867 talem
552 1830 671 1866 filium
691 1829 920 1878 peperisset?

573 1942 608 1982 S
608 1942 757 1992 ayings
778 1942 831 1992 of
846 1942 1041 1982 Socrates.

157 2030 501 2075 267.—Soerates‚
537 2029 707 2066 omnium
734 2028 1049 2078 philosophorum
1077 2028 1341 2067 celeberrimus
1373 2030 1496 2069 dicere

106 2098 262 2144 solebat,
284 2097 338 2134 nil
358 2097 488 2134 deberi
507 2110 528 2134 a
548 2096 607 2133 dis
627 2096 767 2146 quaeri,
790 2096 866 2146 qui,
888 2097 989 2145 quod
1008 2097 1132 2133 visum
1152 2102 1260 2143 esset,
1281 2097 1319 2134 id
1339 2097 1498 2136 homini-

106 2165 177 2202 bus
196 2164 324 2202 daturi
351 2164 488 2202 forent.
545 2164 803 2213 Interroganti
831 2164 980 2201 cuidam
1007 2170 1137 2201 utrum
1164 2177 1321 2202 uxorem
1344 2165 1497 2203 duceret

106 2246 245 2279 annon,
261 2233 469 2282 respondit,
491 2236 499 2253 ‘
521 2232 749 2270 Utriuslibet
768 2232 857 2269 facti
877 2238 914 2269 te
931 2232 1164 2281 poenitebit.'
1209 2233 1271 2270 Ab
1290 2233 1497 2271 Athenien-

106 2301 210 2339 sibus
230 2301 363 2350 capitis
382 2300 596 2346 damnatus,
616 2306 846 2337 venenatum
873 2300 1050 2349 poculum
1069 2313 1188 2350 aequo
1216 2301 1353 2348 animo,
1375 2303 1497 2340 vultu-

107 2382 179 2418 que
211 2369 380 2415 immoto,
413 2368 566 2418 accepit.
638 2368 763 2414 Quum
793 2368 969 2417 poculum
1001 2368 1078 2405 iam
1110 2368 1148 2405 in
1180 2369 1355 2407 manibus
1386 2374 1495 2417 esset,
