1591 2492
135 67 183 99 40
532 55 662 91 EASY
689 55 855 91 LATIN
885 55 1119 93 STORIES.
1320 53 1437 106 [PART
1455 66 1511 93 111.

135 165 349 203 celerrimae
385 170 483 204 sunt.
549 165 723 203 Camelus
764 166 804 202 in
848 166 1117 215 posterioribus
1154 167 1322 205 cruribus
1355 172 1515 217 quatuor

135 233 251 271 habet
269 233 411 270 femora
429 237 468 271 et
487 237 649 282 quatuor
667 246 799 282 genua.
834 233 917 271 Hoc
936 233 1053 283 igitur
1071 234 1195 281 modo,
1208 234 1349 284 talique
1367 240 1516 274 utentes

136 304 301 346 vectura,
321 304 364 337 ut
378 300 557 350 colligant
575 313 708 337 aurum
727 301 1013 350 proficiscuntur
1032 301 1129 339 Indi.
1177 301 1372 352 Colligunt
1391 308 1517 341 autem

137 380 270 405 aurum
289 380 333 405 ea
352 366 428 404 diei
446 367 550 414 hora,
571 381 645 417 qua
662 367 930 405 ferventissimi
948 372 1037 406 sunt
1056 373 1202 407 aestus:
1229 369 1399 407 fervente
1417 371 1517 408 enim

138 439 245 472 aestu
267 435 337 472 sub
364 439 466 473 terra
493 435 708 473 conduntur
733 435 920 473 formicae.
976 435 1184 485 Postquam
1210 435 1259 474 ad
1276 436 1401 474 locum
1428 438 1518 475 Indi

137 507 402 551 pervenerunt,
432 503 546 540 saccis
574 515 668 552 quos
696 515 821 540 secum
848 503 1010 540 attulere
1037 516 1150 540 arena
1177 503 1383 552 completis,
1415 508 1454 541 et
1480 505 1519 542 in

139 569 298 607 camelos
325 583 446 607 mares
465 570 662 619 impositis,
683 583 762 607 sese
780 570 967 619 recipiunt
994 583 1107 619 quam
1134 570 1323 608 celerrime
1350 576 1517 620 possunt.

138 637 318 675 Protinus
345 637 446 674 enirn
474 637 662 684 formicae,
682 636 808 683 odore,
828 642 871 674 ut
898 638 1005 675 aiunt
1026 637 1174 685 Persae,
1194 638 1277 675 illos
1305 639 1519 685 sentienteS,

139 708 426 755 persequuntur.
495 704 707 742 Velocitate
737 709 864 742 autem
900 705 991 742 haec
1027 705 1149 742 bestia
1179 704 1270 742 alias
1303 718 1432 743 omnes
1467 706 1522 743 ita

139 776 292 822 superat
318 776 362 809 ut
388 772 472 818 nisi,
493 771 584 809 dum
612 777 889 822 congregantur
907 772 1095 819 formicae,
1124 772 1226 810 viam
1252 772 1405 810 interim
1433 772 1521 810 Indi

138 840 407 890 praeciperent,
426 839 552 877 nullus
571 853 700 877 eorum
719 840 844 878 salvus
863 853 1042 878 evasurus
1061 844 1167 878 esset.
1206 839 1390 877 Maiorem
1408 839 1523 889 igitur

139 907 220 944 auri
238 911 385 956 partem
403 906 473 944 hac
491 907 648 954 ratione,
668 911 711 944 ut
730 906 883 957 quidem
901 907 1038 944 Persae
1065 911 1233 953 narrant,
1254 907 1523 945 nanciscuntur

139 974 249 1021 indi3
268 973 370 1011 aliud
389 974 510 1012 rarius
529 979 586 1012 est
605 988 739 1012 aurum
758 974 860 1024 quod
880 988 927 1012 ex
947 974 1109 1012 metallis
1128 974 1315 1012 effoditur.

659 1140 1023 1176 VIL—LIBYA.

565 1241 603 1279 A
627 1240 790 1279 carious
809 1239 915 1277 kind
932 1239 984 1288 of
996 1252 1101 1278 oxen.

197 1333 397 1375 125.—1n
409 1333 531 1382 Libya
549 1332 724 1370 habitant
742 1330 925 1376 homines,
942 1330 1077 1379 quibus
1092 1342 1229 1367 nomen
1248 1333 1305 1366 est
1324 1329 1527 1367 Garaman-

144 1404 254 1441 tibus.
310 1402 458 1440 Horum
474 1402 513 1438 in
532 1405 633 1438 terra
647 1403 853 1436 nascuntur
866 1398 981 1435 boves
997 1398 1061 1447 qui
1079 1401 1180 1434 retro
1199 1396 1413 1447 gradientes
1427 1397 1528 1446 pasci

145 1470 333 1508 dicuntur.
390 1469 473 1506 Hoc
500 1472 626 1505 autem
654 1466 808 1512 faciunt,
832 1465 933 1514 quod
962 1477 1100 1502 cornua
1126 1464 1269 1502 habent
1295 1464 1335 1501 in
1362 1464 1529 1501 anterius

147 1544 302 1578 curvata
316 1553 326 1586 3
365 1551 438 1588 qua
465 1537 512 1575 de
542 1549 670 1574 caussa
691 1540 792 1572 retro
819 1534 1035 1584 gradientes
1061 1537 1295 1583 pascuntur:
1332 1545 1420 1569 nam
1447 1545 1529 1581 pro-

147 1607 361 1658 gredientes
401 1605 503 1655 pasci
538 1618 614 1642 non
658 1607 827 1653 possunt,
866 1602 1054 1651 quoniam,
1092 1601 1310 1650 priusquam
1353 1599 1530 1650 progredi

146 1675 303 1725 possint,
337 1686 476 1711 cornua
511 1672 550 1709 in
582 1676 721 1708 terram
757 1670 1029 1719 impinguntur.
1111 1668 1173 1705 Ab
1202 1668 1284 1705 aliis
1320 1667 1440 1705 bobus
1475 1666 1530 1703 nil

148 1743 341 1788 differunt,
361 1741 435 1778 nisi
452 1741 523 1778 hoc
541 1740 634 1789 ipso,
655 1743 694 1776 et
712 1738 802 1776 corii
821 1736 1079 1783 crassitudine,
1099 1735 1322 1784 duritieque.

658 1839 741 1879 lee
759 1837 1061 1877 cave-dwellers.

202 1926 478 1968 126.—Iidem
518 1924 766 1963 Garamantes
812 1921 1004 1971 quadrigis
1048 1924 1235 1958 venantur
1278 1917 1532 1967 Troglodytas

147 1995 366 2044 Aethiopas.
423 1991 678 2042 Troglodytae
698 1994 824 2027 autem
843 1992 1037 2035 vocantur,
1057 1986 1159 2036 quod
1178 1986 1218 2022 in
1237 1984 1355 2022 antris
1373 1984 1532 2031 vivunt3

147 2062 292 2112 troglus
307 2064 433 2098 autem
448 2058 587 2096 dicitur
601 2062 762 2094 antrum.
819 2055 918 2093 Sunt
931 2054 1033 2091 enim
1050 2053 1091 2090 hi
1105 2050 1358 2101 Troglodytae
1373 2049 1532 2099 pedibus

147 2127 397 2182 pernicissimi
435 2126 603 2164 omnium
638 2124 846 2170 hominum,
875 2122 922 2159 de
950 2121 1086 2170 quibus
1113 2131 1280 2168 unquam
1307 2116 1530 2155 audivimus.

147 2199 364 2236 Vescuntur
400 2198 528 2232 autem
564 2190 818 2241 Troglodytae
854 2188 1091 2238 serpentibus
1136 2190 1249 2235 atque
1295 2183 1457 2230 lacertis,
1494 2186 1533 2220 et

149 2266 228 2304 eius
246 2263 351 2302 modi
377 2261 598 2311 reptilibus:
626 2270 797 2296 sermone
824 2269 913 2294 vero
940 2259 1101 2292 utuntur
1118 2253 1214 2290 nulli
1237 2252 1300 2289 alii
1319 2250 1444 2297 simili,
1464 2249 1529 2287 sed

149 2332 313 2372 strident
331 2329 450 2368 veluti
468 2332 636 2365 noctuae.
