1591 2492
73 55 174 82 PART
193 43 238 92 1.]
674 41 860 78 CYRUS.
1407 52 1424 73 2
1430 51 1450 84 3

71 157 172 194 enim
190 169 238 193 ex
255 168 346 205 agro
364 167 441 191 non
459 154 628 192 aderant.
684 153 767 191 Hoc
794 153 905 200 facto,
926 153 1026 190 vitae
1054 152 1127 188 fine
1155 151 1452 200 praeclarissimo

71 223 192 262 functi
227 226 326 260 sunt.
381 222 643 259 Laudantibus
679 221 779 258 enim
825 221 1000 257 omnibus
1044 219 1224 257 iuvenum
1263 218 1372 264 vires,
1415 223 1453 255 et

70 291 289 329 mulieribus
306 293 468 327 matrem
483 289 647 326 filiorum
661 289 795 326 talium
809 288 957 326 felicem
970 287 1205 325 dicentibus:
1234 291 1317 323 tum
1332 289 1452 322 mater

71 363 174 397 stans
205 361 293 396 ante
325 356 584 402 simulacrum,'
597 356 707 394 deam
733 361 886 407 precata
913 360 971 393 est
1006 355 1065 392 his
1098 354 1245 392 verbis:
1275 359 1283 374 ‘
1299 353 1332 391 O
1369 353 1451 398 dea,

71 425 203 464 Cleobi
229 429 268 462 et
294 424 424 462 Bitoni
459 424 546 462 filiis
581 424 685 470 meis,
722 437 860 461 munus
896 423 1082 473 optimum
1117 422 1277 472 praebe.'
1331 421 1454 459 Sacris

70 493 189 539 factis,
206 492 348 542 epulati
366 492 521 529 iuvenes
540 504 670 529 somno
690 504 728 528 se
747 491 947 538 dederunt,
963 495 1001 528 et
1019 503 1129 527 mane
1148 489 1289 527 mortui
1308 489 1454 526 inventi

71 565 168 598 sunt.
242 559 461 597 Eorundem
497 558 634 596 deinde
671 562 827 605 statuas,
864 562 907 595 ut
946 558 1144 595 hominum
1180 557 1455 606 praestantissi-

71 640 229 674 morum,
250 627 289 663 in
309 625 400 664 deae
420 626 511 664 aede
531 626 629 664 cives
648 626 884 675 posuerunt.’

446 809 528 847 The
537 809 634 859 fall
648 809 701 859 of
717 807 886 847 Croesus
896 808 1087 858 foretolcz‘.

121 912 379 961 81.-Cyrus,
403 911 606 948 Persarum
633 922 712 956 rex,
732 909 771 946 in
800 909 982 947 Croesum
1002 908 1284 958 expeditionem
1313 923 1452 959 suscep-

70 984 162 1018 erat.
216 978 376 1016 Interim
395 978 471 1015 tale
489 977 706 1027 prodigium
725 976 866 1015 Croeso
885 977 1056 1015 oblatum
1075 981 1142 1015 est.
1198 977 1389 1026 Apparuit
1408 977 1455 1014 ad

70 1048 203 1085 urbem
221 1047 353 1096 ingens
372 1049 590 1095 serpentum
608 1044 827 1083 multitudo.
883 1044 1033 1082 Horum
1061 1045 1159 1094 equi,
1180 1045 1317 1082 omisso
1346 1045 1456 1081 solito

70 1115 164 1162 cibo,
185 1114 331 1164 copiam
348 1113 542 1163 ingentem
561 1112 736 1151 edebant.
792 1112 839 1150 Id
858 1111 998 1150 Croeso
1023 1112 1239 1162 prodigium
1258 1125 1338 1149 esse
1357 1112 1458 1150 vide-

71 1185 204 1220 batur:
232 1182 360 1231 itaque
380 1180 510 1218 statim
529 1180 701 1218 homines
729 1180 923 1217 consulere
950 1180 1167 1230 haruspices
1194 1180 1313 1217 iussos
1341 1181 1454 1219 misit.

72 1249 142 1287 His
187 1249 367 1287 dixerunt
410 1248 649 1298 haruspices:
689 1252 697 1268 ‘
714 1248 913 1285 Exercitus
958 1248 1178 1298 peregrinus
1222 1248 1458 1298 ingredietur

71 1322 210 1354 terram
233 1316 374 1362 Croesi,
395 1320 434 1354 et
461 1316 602 1353 incolas
630 1316 840 1365 opprimet:
869 1320 1061 1365 serpentes
1089 1316 1190 1353 enim
1218 1321 1307 1353 sunt
1334 1321 1457 1354 terrae

71 1385 149 1430 filii,
170 1385 256 1433 equi
284 1388 412 1421 autem
439 1384 568 1421 hostes
596 1388 635 1421 et
662 1383 873 1433 peregrini!
928 1384 979 1421 Et
1005 1384 1096 1421 haec
1124 1384 1278 1433 quidem
1305 1398 1456 1434 respon-

71 1452 209 1488 derunt
244 1451 470 1500 haruspices,
510 1451 648 1488 Croeso
686 1451 760 1488 iam
798 1455 918 1500 capt0‚
957 1451 1023 1488 sed
1059 1452 1180 1501 ignari
1226 1453 1349 1490 adhuc
1386 1454 1457 1503 ipsi

72 1523 239 1556 eventus.

502 1657 584 1695 lee
602 1665 766 1707 capture
784 1658 836 1708 of
848 1659 1040 1709 Babylon.

121 1758 386 1807 82.—Cyrus,
425 1758 602 1796 universa
638 1759 856 1797 continente
893 1760 1080 1798 inferioris
1121 1762 1235 1799 Asiae
1276 1764 1459 1812 potestati

70 1839 158 1863 suae
195 1826 372 1872 subiecta,
412 1826 590 1875 Assyrios
622 1840 819 1876 aggressus
857 1833 922 1866 est.
980 1829 1078 1866 Sunt
1115 1834 1242 1867 autem
1278 1831 1458 1879 Assyriae

70 1906 187 1942 quum
206 1893 300 1931 aliae
318 1894 431 1931 urbes
450 1898 685 1943 praestantes
703 1895 857 1942 multae,
873 1901 956 1933 tum
974 1898 1272 1946 praeclarissima
1291 1900 1460 1935 omnium

71 1965 110 1997 et
137 1961 401 2007 munitissima,
432 1962 616 2011 Babylon.
673 1963 794 2001 Erant
822 1969 949 2002 autem
976 1966 1125 2003 moenia
1152 1966 1317 2004 ducenos
1345 1967 1460 2017 pedes

71 2028 157 2066 alta.
213 2029 374 2078 Propius
393 2030 526 2067 urbem
545 2030 746 2069 accedente
765 2032 877 2082 Cyro,
898 2033 1040 2083 proelio
1073 2048 1158 2072 cum
1191 2049 1234 2073 eo
1267 2036 1461 2073 conflixer-

70 2099 141 2132 unt
158 2095 382 2145 Babylonii:
410 2098 502 2135 victi
521 2103 648 2135 autem
675 2100 714 2136 in
743 2101 874 2138 urbem
893 2102 1033 2151 repulsi
1053 2107 1151 2141 sunt.
1207 2103 1307 2141 Tum
1326 2104 1460 2153 Cyrus,

71 2162 242 2201 derivato
275 2165 401 2211 fluvio,
428 2179 496 2215 per
527 2167 676 2204 alveum
709 2168 927 2218 Euphratis,
956 2171 1211 2209 nescientibus
1243 2173 1386 2219 incolis,
1421 2175 1460 2211 in

72 2230 204 2268 urbem
240 2232 430 2281 ingressus
467 2238 532 2270 est.
617 2235 739 2285 Capta
775 2242 902 2274 autem
949 2244 1006 2275 est
1050 2239 1224 2288 Babylon
1262 2240 1461 2290 Labyneto

73 2310 170 2346 rege.
