1591 2492
75 75 180 102 PART
200 61 269 113 1v.]
380 62 626 102 OROETES
654 62 769 98 AND
800 61 1161 100 POLYCRATES.
1413 70 1458 108 53

345 258 428 298 Tlce
446 259 610 298 dreams
629 258 681 308 of
692 256 932 305 Polycrates'
953 255 1166 307 daughter.

126 351 377 392 158.--Tum
389 352 462 399 ille,
479 351 650 401 quamvis
662 355 769 389 vates
788 349 1048 387 dissuaderent
1061 349 1105 396 ei,
1121 348 1200 398 ipse
1219 361 1262 385 60
1279 347 1461 398 proficisci

71 420 230 469 paravit.
290 419 353 456 Ad
389 419 481 456 haec
506 419 584 457 filia
616 419 694 456 eius
715 407 921 456 dormiens
944 417 1020 454 tale
1047 416 1195 454 viderat
1220 416 1457 454 insomnium.

71 488 185 525 Visus
210 487 244 525 ei
272 491 352 525 erat
379 491 487 536 pater
506 487 546 524 in
566 500 650 525 aere
669 486 840 524 sublimis
860 498 949 532 esse,
971 489 1009 522 et
1027 484 1146 522 lavari
1164 497 1186 521 a
1203 484 1304 530 Iove,
1324 483 1457 533 inungi

72 569 160 593 vero
179 555 266 593 sole.
322 555 406 593 Hoc
434 569 551 605 quum
570 556 603 593 ei
632 555 801 593 oblatum
829 558 926 592 esset
952 553 1085 600 visum,
1106 551 1348 590 vehementer
1375 565 1457 589 con-

72 623 262 669 tendebat,
284 636 331 660 ne
351 623 398 661 ad
419 623 583 661 Oroeten
610 627 718 673 pater
740 622 1036 672 proficisceretur
1051 635 1062 668 3
1090 624 1202 669 atque
1221 619 1346 666 etiam,
1366 617 1457 655 dum

71 690 134 728 ille
159 691 364 728 actuariam
391 704 528 728 navem
564 689 848 737 conscendebat,
878 689 987 726 illum
1015 687 1192 725 ominosis
1225 686 1350 724 verbis
1376 698 1458 734 pro-

72 762 198 795 secuta
234 762 300 796 est.
373 757 471 794 Tum
506 757 570 794 ille
597 758 763 794 minatus
792 761 871 795 est:
910 754 1083 805 ‘quando
1124 754 1249 792 salvus
1275 751 1456 799 rediisset,

72 826 211 864 multos
226 839 343 864 annos
358 825 462 863 illam
477 826 556 863 sine
570 825 707 863 marito
726 837 942 862 mansuram
958 823 984 861 :’
1005 827 1043 860 et
1062 822 1126 859 illa
1143 825 1294 872 precata
1312 824 1377 868 est,
1397 823 1460 856 ‘ut

70 897 154 929 rata
180 892 272 929 haec
301 892 457 929 fierent:
486 890 597 928 malle
626 904 664 928 se
693 891 795 929 enim
823 893 903 929 51116
930 891 1068 929 marito
1098 904 1190 938 esse,
1215 903 1327 939 quam
1354 892 1459 938 patre

72 958 236 1010 privari'

470 1100 552 1138 Tlae
572 1100 739 1138 murder
758 1099 810 1150 of
822 1099 1062 1150 Polycrates.

129 1193 413 1244 159.—Itaque
425 1194 652 1244 Polycrates,
671 1198 796 1244 spreto
812 1195 914 1232 omni
927 1195 1091 1243 consilio,
1110 1194 1158 1232 ad
1171 1195 1336 1233 Oroeten
1360 1196 1461 1234 navi-

73 1261 188 1311 gavit,
209 1275 326 1311 quum
344 1261 436 1299 alios
454 1262 594 1300 multos
614 1262 768 1300 comites
787 1275 913 1300 secum
932 1261 1082 1309 ducens,
1102 1266 1186 1299 tum
1209 1262 1460 1301 Democedem

73 1328 261 1366 medicum
275 1329 517 1378 praeclarum.
575 1329 700 1376 Quum
715 1342 803 1366 vero
822 1329 1059 1379 Magnesiam
1073 1329 1290 1378 Polycrates
1308 1343 1461 1379 perven-

73 1396 174 1444 isset,
187 1396 321 1434 misere
332 1397 456 1446 periit,
471 1397 652 1446 supplicio
665 1410 732 1434 1166
746 1397 848 1446 regia
862 1400 1050 1446 potestate
1066 1396 1192 1447 digno,
1205 1409 1273 1434 1166
1287 1396 1437 1447 ingenio
1453 1412 1459 1434 :

73 1476 162 1501 nam
189 1464 356 1513 exceptis
384 1463 703 1513 Syracusanorum
731 1464 912 1513 tyrannis,
934 1477 981 1501 ne
1002 1477 1097 1501 unus
1125 1463 1278 1513 quidem
1304 1477 1353 1501 ex
1379 1464 1460 1501 aliis

74 1532 245 1581 tyrannis
273 1532 425 1570 Graecis
462 1531 598 1582 dignus
636 1536 692 1570 est
729 1532 792 1581 qui
829 1532 1108 1582 magnificentia
1144 1545 1228 1569 cum
1264 1531 1460 1582 Polycrate

74 1603 320 1650 comparetur.

517 1762 601 1802 Tlce
610 1763 847 1815 sulfilment
866 1763 1025 1814 offate.

130 1857 403 1907 160.-—Turpi
432 1857 544 1894 modo
582 1862 620 1895 et
654 1862 809 1895 narratu
845 1858 1001 1908 indigno
1040 1857 1210 1905 occisum,
1243 1857 1341 1894 cruci
1378 1870 1463 1894 eum

76 1926 232 1965 Oroetes
252 1925 388 1962 affixit:
420 1925 632 1974 quicunque
652 1938 740 1963 vero
760 1939 808 1963 ex
827 1925 1025 1963 comitibus
1054 1925 1172 1962 Samii
1190 1928 1308 1971 erant,
1324 1924 1393 1961 hos
1412 1923 1465 1960 di-

76 1994 189 2041 misit,
205 1993 366 2043 gratiam
385 1993 457 2030 sibi
475 1993 613 2031 habere
632 1994 764 2032 iubens
783 1994 884 2043 quod
899 1994 1115 2032 libertatem
1129 1996 1322 2031 servarent
1329 2007 1340 2040 3
1360 1997 1464 2042 quot-

76 2066 169 2112 quot
181 2066 307 2100 autem
322 2061 509 2112 peregrini
528 2066 593 2099 aut
608 2062 705 2100 servi
720 2067 837 2110 erant,
852 2063 919 2100 hos
935 2062 1082 2100 vinctos
1096 2061 1371 2111 mancipiorum
1384 2061 1465 2098 loco

76 2130 219 2168 habuit.
277 2130 338 2168 Sic
357 2130 575 2180 Polycrates
595 2144 642 2168 ex
661 2144 766 2169 cruce
786 2145 987 2182 suspensus
1015 2132 1234 2169 universum
1256 2131 1354 2168 filiae
1373 2143 1467 2168 som-

76 2198 184 2236 nium
202 2198 370 2248 explevit
387 2213 394 2236 :
422 2199 620 2237 lavabatur
639 2200 740 2237 enim
759 2213 780 2238 a
799 2200 901 2247 Iove,
923 2199 1074 2250 quando
1094 2200 1250 2249 pluebat
1268 2215 1274 2237 :
1303 2203 1342 2236 et
1360 2199 1467 2236 1111111-

76 2265 236 2315 gebatur
272 2265 359 2314 sole,
389 2266 586 2304 humorem
613 2267 692 2317 ipse
728 2281 748 2305 e
784 2281 938 2317 corpore
974 2268 1162 2305 emittens.
1246 2267 1380 2317 Itaque
1412 2280 1468 2305 su-

77 2345 207 2382 prema
233 2333 442 2382 Polycratis
469 2334 627 2373 felicitas
654 2335 754 2373 hunc
782 2335 918 2374 habuit
946 2336 1069 2384 finem,
1091 2335 1412 2386 quemadmodum
1435 2335 1468 2373 ei
