1591 2492
94 105 194 131 PART
214 94 282 146 1v.]
349 97 463 132 THE
492 96 672 131 THIRD
704 94 966 131 INVASION
998 94 1066 131 OF
1097 92 1322 129 GREECE.
1434 93 1482 138 89

90 210 281 248 incussus:
322 223 415 260 quos
446 210 513 247 ubi
548 210 677 259 fugam
710 221 900 258 capessere
932 207 1169 257 Delphenses
1201 207 1481 253 intellexerunt,

90 276 359 315 descendentes
391 277 439 314 de
470 280 600 314 monte
631 289 809 325 magnam
841 280 1006 324 stragem
1038 273 1200 312 edidere.
1266 273 1483 310 Memorant

90 344 205 382 etiam
232 344 327 382 duos
356 348 532 391 armatos,
553 344 713 382 maiores
745 356 859 392 quam
878 342 1049 380 homines
1078 341 1203 379 Persis
1231 340 1424 388 institisse,
1445 343 1483 377 et

90 412 242 450 caedem
260 412 402 451 fecisse.

567 537 728 577 Athens
749 537 785 576 z's
805 535 1053 576 abandoned.

140 622 428 670 253.-Quum
442 622 614 660 Athenas
633 622 835 660 rediissent
854 635 981 668 naves,
997 621 1163 658 edictum
1179 624 1247 666 est,
1270 624 1278 639 ‘
1292 633 1366 669 quo
1386 619 1483 669 quis-

89 704 162 740 que
188 691 270 728 loco
298 696 436 741 posset,
457 704 500 728 eo
528 691 666 728 liberos
685 695 723 728 et
742 690 925 728 familiam
952 689 1092 727 locaret
1111 690 1149 726 in
1169 688 1277 727 tuto!
1348 688 1483 737 Itaque

89 759 343 808 properabant
361 772 490 796 omnes
515 758 739 796 mandatum
758 758 923 808 exsequi.
994 757 1138 795 Dicunt
1156 756 1411 794 Athenienses
1431 757 1484 793 in-

87 832 241 876 gentem
276 832 501 877 serpentem,
530 828 624 865 arcis
661 827 856 865 custodem
892 827 1035 864 versari
1070 827 1111 864 in
1142 825 1260 864 aede:
1297 839 1365 863 nec
1393 839 1482 863 vero

89 894 128 932 id
159 895 364 944 perhibent
399 895 532 941 solum,
562 894 628 932 sed
657 895 783 941 etiam,
813 899 996 943 tanquam
1022 907 1062 931 re
1099 906 1189 931 vera
1220 892 1274 930 ibi
1301 892 1479 939 versanti,

88 968 281 1001 menstrua
308 977 412 1001 sacra
438 963 606 1001 faciunt:
641 968 698 1000 est
726 968 853 1001 autem
880 968 1118 1001 menstruum
1145 962 1379 1008 sacrificium,
1407 961 1483 1011 pla-

89 1035 197 1068 centa
225 1031 336 1068 melle
372 1030 533 1068 condita.
591 1030 695 1068 Haec
731 1030 917 1080 placenta,
955 1043 1072 1080 quum
1109 1029 1364 1079 superioribus
1391 1033 1484 1066 tem-

88 1099 242 1147 poribus
261 1112 409 1148 semper
435 1102 659 1147 consumpta
685 1098 830 1146 fuisset,
850 1102 941 1136 tunc
959 1098 1103 1135 intacta
1130 1101 1221 1135 era-t.
1279 1095 1389 1143 Quod
1417 1096 1483 1134 ubi

78 1162 306 1212 significavit
334 1161 506 1208 antistes,
535 1166 644 1199 tanto
673 1161 795 1210 magis
829 1161 964 1198 urbem
997 1161 1246 1211 reliquerunt,
1277 1163 1379 1212 quod
1407 1163 1477 1202 dea

78 1230 194 1267 etiam
226 1243 351 1267 arcem
383 1229 612 1267 deseruerat.
670 1228 811 1267 Classis
845 1234 974 1266 autem
1006 1229 1055 1266 ad
1087 1229 1252 1268 insulam
1285 1231 1476 1270 Salamina

78 1297 266 1334 manebat.

511 1399 561 1437 X
560 1414 672 1439 eures
693 1401 866 1451 occnpics
886 1402 922 1439 Α
933 1402 1056 1441 tlzcns.

131 1475 459 1514 254.—Interim
474 1477 630 1515 advenit
646 1478 793 1516 Xerxes
813 1493 898 1517 cum
917 1480 1096 1527 exercitu,
1113 1485 1151 1518 et
1170 1494 1327 1519 vacuam
1347 1482 1475 1532 depre-

81 1543 216 1581 hendit
234 1545 377 1583 urbem.
434 1546 555 1584 Erant
575 1552 702 1585 autem
720 1548 976 1587 Athenienses
994 1550 1169 1587 nonnulli
1192 1551 1256 1600 qui
1284 1552 1324 1588 in
1352 1565 1476 1590 arcem

80 1623 118 1648 se
155 1612 407 1660 contulerant,
445 1618 484 1651 et
521 1614 647 1653 aditus
684 1616 794 1654 vallis
835 1616 970 1667 ligneis
1005 1618 1260 1665 muniverant,
1299 1619 1474 1657 arbitrati

80 1692 119 1716 se
151 1680 382 1718 sententiam
400 1682 541 1719 oraculi
568 1683 763 1732 reperisse,
796 1684 986 1734 ‘ligneum
1004 1698 1155 1723 murum
1182 1686 1474 1736 insuperabilem

79 1747 181 1785 fore.'
234 1747 312 1785 Diu
337 1761 427 1786 vero
459 1749 499 1787 hi
531 1750 659 1789 Persis
691 1752 898 1791 restabant.
955 1753 1126 1792 Tandem
1158 1755 1198 1792 in
1230 1769 1354 1793 arcem
1377 1755 1471 1793 irru-

78 1828 166 1864 pere
194 1815 331 1853 Persae
360 1829 576 1867 omnesque,
606 1820 671 1868 qui
707 1820 761 1858 ibi
807 1825 925 1868 erant,
956 1822 1239 1870 interfecerunt,
1269 1823 1474 1873 aedemque

79 1881 350 1930 spoliaverunt.
425 1884 525 1922 Tum
561 1885 721 1933 Xerxes,
748 1887 913 1926 Athenis
940 1890 1093 1939 penitus
1120 1891 1277 1941 potitus,
1308 1891 1474 1941 equitem

79 1948 174 1987 Susa
191 1949 296 1988 misit
315 1951 380 2000 qui
398 1964 478 1989 rem
497 1953 592 1991 bene
611 1959 757 2004 gestam
776 1956 981 1995 nuntiaret.

392 2092 476 2131 lec
495 2095 740 2134 restoration
763 2097 816 2146 of
827 2097 990 2136 Aflccns
1000 2099 1195 2148 sorctolcz'.

129 2177 483 2216 255.—-Postridie
506 2179 666 2228 Xerxes,
692 2184 907 2220 convocatis
940 2185 1242 2223 Atheniensibus
1268 2186 1474 2232 exsulibus,

77 2241 288 2290 mandavit,
304 2248 349 2281 ut
367 2245 407 2282 in
427 2259 551 2284 arcem
570 2248 828 2296 ascenderent,
845 2263 987 2299 suoque
1006 2251 1083 2289 ritu
1101 2252 1155 2289 ibi
1174 2266 1279 2291 sacra
1295 2253 1472 2292 facerent.

77 2310 156 2348 Cur
185 2315 312 2349 autem
343 2312 455 2351 huius
487 2315 543 2352 rei
574 2315 728 2354 fecerim
760 2318 1006 2366 mentionem,
1033 2320 1166 2359 dicam.
1224 2321 1294 2359 Est
1325 2322 1364 2358 in
1393 2335 1475 2359 arce

78 2376 201 2425 aedes,
222 2378 262 2415 in
291 2392 365 2428 qua
383 2380 484 2419 inest
511 2382 604 2429 olea,
626 2384 823 2422 Minervae
843 2399 956 2423 sacra.
1014 2387 1119 2425 Haec
1138 2388 1256 2437 igitur
1282 2389 1364 2426 olea
1391 2403 1473 2426 eum
