1591 2492
107 65 156 98 44
512 54 643 91 EASY
671 54 836 90 LATIN
864 54 1096 92 STORIES.
1291 53 1410 106 [PART
1428 67 1484 94 111.

107 170 146 204 et
160 165 328 204 canendo
341 170 379 204 et
391 166 624 204 sermonibus
636 166 675 203 in
687 165 811 204 medio
823 166 1025 216 propositis
1037 166 1136 205 inter
1147 180 1186 205 se
1198 167 1485 207 contendebant.

105 232 338 271 Procedente
357 246 446 271 vero
473 233 763 283 compotatione,
784 233 1030 283 Hippoclides
1058 234 1252 272 tibicinem
1279 234 1388 273 iussit
1407 249 1488 274 can-

106 304 167 337 tus
195 313 326 337 canere
353 300 401 337 ad
429 300 567 338 saltum
593 300 918 348 accommodatos3
946 305 1029 338 tum
1048 301 1185 339 saltare
1203 302 1379 341 instituit.
1434 304 1489 341 At

106 368 293 417 spectanti
324 367 512 406 Clistheni
540 381 598 406 res
628 368 861 418 displicebat.
930 368 1092 416 Deinde,
1126 369 1231 407 brevi
1266 370 1490 420 interposita

105 449 222 482 mora,
242 448 411 473 mensam
430 436 501 474 sibi
519 435 650 473 inferri
668 436 777 473 iussit
804 436 1050 486 Hippoclides
1059 451 1070 484 ς
1098 449 1193 487 quae
1212 437 1278 475 ubi
1295 438 1402 476 illata
1420 443 1487 485 est,

107 516 308 541 conscensa
333 516 463 541 mensa
498 503 663 553 primum
699 503 902 541 Laconicos
933 503 1107 542 modulos
1136 504 1290 542 saltavit
1302 519 1312 552 3
1352 505 1489 543 deinde

105 571 197 608 alios
212 570 361 608 Atticos
373 584 384 618 3
411 574 612 620 postremo,
633 576 745 620 caput
764 571 803 608 in
822 584 991 609 mensam
1010 571 1174 618 innixus,
1195 572 1362 610 cruribus
1380 573 1490 622 gesti-

105 638 309 676 culabatur.
365 638 416 675 Et
434 637 658 685 Clisthenes,
679 651 795 687 quum
813 637 862 676 ad
880 639 1045 688 primum
1063 643 1101 676 et
1129 638 1333 677 secundum
1351 639 1489 677 saltum

106 718 185 743 sese
204 705 461 753 continuisset,
481 718 581 743 nunc
600 706 778 755 quoniam
797 719 835 743 se
854 706 954 743 ultra
972 706 1163 743 continere
1176 719 1252 743 non
1263 710 1400 756 potest,
1414 707 1489 744 ait:

107 776 116 794 ‘
133 772 165 810 O
184 773 239 810 fili
256 772 444 820 Tisandri,
464 772 637 810 saltando
655 786 814 810 uxorem
841 777 884 810 tu
911 772 1065 822 quidem
1082 773 1306 822 perdidisti.’
1355 774 1409 811 At
1427 773 1490 811 ille

107 840 242 890 inquit,
273 844 282 861 ‘
300 840 365 878 Nil
385 845 490 878 curat
509 840 778 890 Hippoclides.'
832 840 932 878 Hinc
951 846 1076 878 ortum
1095 846 1152 879 est
1169 841 1418 890 proverbium.

574 988 656 1026 Tlce
664 988 887 1038 fortunate
904 988 1046 1028 suitor.

160 1073 410 1113 135.—Tum
438 1073 661 1119 Clisthenes,
681 1073 781 1110 facto
809 1073 970 1120 silentio,
993 1073 1084 1110 haec
1112 1073 1229 1111 dixit:
1258 1074 1371 1121 ‘Viri,
1391 1074 1490 1112 filiae

105 1141 208 1191 proci
221 1154 327 1178 meae
343 1144 350 1178 !
377 1141 458 1191 Ego
471 1145 625 1178 cunctos
640 1154 707 1178 vos
722 1140 846 1187 laudo,
865 1145 904 1178 et
918 1141 1104 1188 omnibus,
1121 1141 1152 1178 si
1166 1141 1247 1178 fieri
1260 1146 1398 1191 posset,
1414 1142 1490 1192 pla-

105 1222 186 1246 cere
201 1208 347 1246 vellem.
403 1209 458 1246 At
469 1209 649 1258 quoniam
661 1208 742 1245 fieri
753 1221 830 1245 non
842 1212 979 1257 potest,
992 1212 1046 1255 ut,
1060 1221 1177 1258 quum
1189 1208 1235 1246 de
1254 1221 1330 1246 una
1343 1210 1489 1259 virgine

105 1277 321 1323 deliberem,
341 1276 511 1314 omnium
529 1276 628 1314 votis
656 1276 767 1314 simul
796 1275 1046 1323 satisfaciam,
1073 1276 1119 1313 iis
1138 1289 1157 1313 e
1176 1280 1302 1313 vestro
1321 1289 1489 1324 numero,

106 1345 243 1395 quibus
270 1358 367 1382 uxor
393 1358 470 1382 non
498 1344 622 1392 datur,
642 1345 831 1382 talentum
850 1344 996 1394 argenti
1024 1343 1072 1381 do
1100 1344 1311 1393 unicuique,
1332 1343 1434 1393 quod
1453 1349 1491 1381 et

105 1413 253 1463 dignati
281 1412 371 1450 estis
402 1425 525 1449 meam
556 1412 673 1450 filiam
704 1412 744 1449 in
775 1412 1059 1449 matrimonium
1088 1416 1226 1461 petere,
1246 1416 1285 1449 et
1316 1411 1490 1449 domibus

105 1480 241 1518 vestris
268 1493 421 1530 peregre
449 1479 621 1517 abfuistis
636 1495 647 1528 3
674 1480 836 1530 Megacli
863 1493 962 1526 vem,
983 1479 1222 1517 Alcmaeonis
1254 1480 1342 1526 filio,
1368 1493 1490 1517 meam

106 1550 223 1588 filiam
241 1549 444 1599 Agaristen
463 1548 678 1598 despondeo
693 1561 740 1586 ex
758 1547 1050 1585 Atheniensium
1068 1546 1237 1596 legibus!
1292 1546 1490 1596 Quumque

107 1616 296 1667 Megacles
332 1616 502 1663 dixisset,
532 1616 711 1665 ‘Accipio
745 1614 1022 1661 conditionem‚'
1051 1618 1177 1651 ratum
1208 1613 1487 1650 matrimonium

109 1685 321 1724 Clisthenes
348 1683 491 1721 habuit.
553 1683 614 1720 Ita
640 1682 931 1720 Alcmaeonidae
960 1695 1026 1732 per
1053 1681 1266 1718 universam
1295 1680 1487 1718 Graeciam

108 1752 257 1790 laudem
275 1751 481 1788 maximam
498 1749 723 1789 habuerunt.
