1591 2492
137 93 185 129 90
542 85 673 122 EASY
701 86 867 122 LATIN
896 86 1128 124 STORIES.
1331 99 1451 139 [PART
1469 101 1518 127 1v.

135 196 280 246 reliqua
314 197 406 234 aede
455 212 477 235 a
524 198 694 236 barbaris
734 204 898 237 cremata
934 205 1035 238 erat:
1082 201 1200 239 altero
1245 214 1334 239 vero
1379 202 1428 240 ab
1468 202 1521 239 in-

135 264 266 302 cendio
295 265 366 311 die,
387 270 430 302 ut
457 266 498 302 in
525 265 657 303 aedem
683 267 934 304 ascenderunt
961 268 1109 305 exsules
1137 281 1240 306 sacra
1266 268 1388 306 facere
1416 269 1520 315 iussi,

134 332 323 369 surculum
355 332 534 370 viderunt
561 347 581 371 e
609 334 738 384 stipite
773 340 938 381 enatum,
968 336 1085 373 cubiti
1112 336 1189 374 fere
1217 337 1495 387 longitudinem
1510 353 1521 385 ;

134 399 234 436 unde
253 401 470 449 apparebat,
490 401 661 438 Athenas
680 402 817 439 iterum
835 407 1010 451 potentes
1027 403 1116 441 fore.

392 557 696 596 Deliberatz'ons
715 559 767 609 os
781 558 846 597 tlte
869 558 1043 598 Grecz'an
1064 559 1280 600 admz'rals.

184 642 505 683 256.-—Interim
525 643 755 681 Graecorum
774 644 887 681 duces
903 644 950 681 ad
972 644 1162 682 Salamina
1176 645 1374 682 concilium
1389 657 1521 682 convo-

133 716 274 749 carunt.
322 711 438 748 Multi
453 717 578 748 autem
594 712 796 749 censebant
811 711 858 749 ad
874 712 1062 749 Isthmum
1077 725 1156 750 esse
1171 712 1427 762 pugnandum,
1444 725 1520 749 non

133 778 180 815 ad
209 778 409 816 Salamina.
474 779 535 816 Ibi
562 784 645 816 tum
673 779 944 816 Themistocles
971 779 1215 817 vehementer
1242 780 1449 829 flagitabat,
1477 784 1521 817 ut

132 847 171 883 in
199 846 331 884 eodem
359 846 439 884 loco
458 852 682 896 pugnarent.
721 847 841 894 Quem
864 846 1084 885 Corinthius
1103 846 1183 884 dux
1209 847 1440 884 Adimantus
1466 847 1521 884 ita

132 914 315 952 allocutus
334 919 416 952 est:
471 915 774 961 ‘Themistocles,
795 915 834 952 in
870 915 1137 952 certaminibus
1165 915 1230 964 qui
1256 919 1344 952 ante
1371 919 1520 964 tempus

133 988 302 1032 surgunt,
319 982 445 1032 flagris
461 983 691 1020 caeduntur.²
728 982 779 1020 Et
790 982 853 1019 ille
869 982 923 1019 ait
940 997 947 1019 ε
970 986 978 1001 ‘
991 982 1057 1028 At,
1071 983 1135 1031 qui
1147 995 1245 1031 pone
1258 986 1425 1028 manent,
1443 995 1518 1019 non

133 1049 382 1088 coronantur!
448 1050 631 1088 Bifariam
663 1050 805 1088 divisae
829 1055 937 1087 erant
965 1050 1103 1087 ducum
1135 1049 1366 1087 sententiae:
1403 1049 1520 1098 Eury-

132 1117 261 1156 biades
289 1123 328 1156 et
354 1118 585 1156 Adimantus
612 1119 776 1165 aiebant,
799 1118 868 1156 ‘ad
894 1118 1082 1155 Isthmum
1101 1117 1237 1155 debere
1264 1131 1303 1155 se
1329 1117 1520 1168 pugnare.'

133 1185 404 1224 Themistocles
441 1192 571 1225 contra
608 1187 682 1224 ‘ibi
723 1186 965 1232 manendum,
999 1190 1037 1223 et
1073 1198 1157 1222 cum
1194 1185 1362 1223 barbaris
1398 1185 1520 1223 decer-

132 1253 314 1291 tandum.'

394 1378 674 1418 Themistocles
695 1378 832 1417 makes
850 1392 876 1416 a
897 1377 1021 1416 battle
1036 1376 1259 1416 z'nevz‘table.

185 1464 407 1504 257.—Ibi
425 1469 515 1501 tunc
530 1463 814 1510 Themistocles,
835 1463 930 1500 clam
950 1462 1107 1499 concilio
1126 1474 1307 1511 egressus,
1328 1460 1518 1498 hominem

134 1532 237 1569 misit
251 1532 290 1568 in
305 1535 427 1569 castra
441 1531 652 1577 Persarum,
668 1530 844 1568 edoctum
856 1529 947 1579 quid
963 1529 1085 1567 dicere
1101 1532 1300 1578 oporteret.
1357 1527 1440 1574 Quo
1454 1527 1519 1564 ubi

134 1600 317 1650 pervenit,
347 1599 447 1649 apud
475 1599 588 1636 duces
615 1599 861 1636 barbarorum
889 1598 980 1635 haec
1006 1597 1122 1634 verba
1149 1596 1262 1633 fecit:
1296 1599 1305 1616 ‘
1324 1595 1433 1632 Misit
1459 1608 1519 1632 me

134 1668 214 1705 dux
245 1667 539 1705 Atheniensium
575 1667 671 1704 clam
706 1666 860 1715 reliquis
897 1665 1050 1703 Graecis
1067 1679 1074 1702 ε
1128 1664 1232 1701 favet
1277 1662 1378 1700 enim
1421 1663 1519 1712 regis

135 1736 328 1786 partibus:
356 1736 460 1772 misit
478 1748 538 1772 me
566 1740 693 1772 autem
712 1734 777 1783 qui
795 1733 903 1770 vobis
930 1733 1158 1777 nuntiarem,
1187 1731 1316 1780 fugam
1342 1729 1519 1767 meditari

134 1805 336 1842 exterritos
365 1804 538 1841 Graecos.
607 1802 687 1839 Nec
713 1803 812 1838 inter
844 1814 882 1838 se
915 1799 1116 1838 concordes
1136 1803 1236 1844 sunt,
1264 1811 1332 1835 nec
1359 1797 1519 1846 amplius

135 1872 243 1910 vobis
262 1871 448 1909 resistent.
498 1869 662 1907 Proinde
678 1881 740 1906 eos
759 1867 974 1917 aggredere,
990 1879 1084 1903 neve
1103 1866 1143 1902 in
1156 1865 1283 1914 fugam
1303 1877 1342 1901 se
1356 1864 1519 1912 recipere

134 1954 265 1991 passus
284 1940 357 1978 sis.’
412 1939 556 1987 Quibus
575 1938 686 1976 dictis
706 1937 835 1974 statim
854 1936 1037 1981 discessit,
1058 1935 1205 1972 Xerxes
1223 1938 1351 1971 autem
1369 1932 1518 1982 signum

134 2020 282 2058 pugnae
301 2006 417 2045 dedit.

591 2128 672 2167 lee
692 2127 817 2166 battle
836 2126 888 2175 of
904 2124 1103 2164 Salamis.

186 2215 483 2264 258.—Itaque
495 2214 657 2252 Graecas
669 2224 784 2249 naves
797 2215 905 2247 tanto
920 2209 1064 2257 impetu
1078 2205 1243 2256 aggressi
1254 2209 1344 2242 sunt
1355 2205 1518 2251 barbari,

136 2292 180 2322 ut
198 2283 312 2321 ceteri
330 2282 465 2321 Graeci
483 2294 612 2319 omnes
634 2280 674 2316 in
693 2278 851 2328 puppim
869 2276 1109 2325 remigarent,
1129 2278 1168 2311 et
1185 2278 1307 2310 terrae
1329 2271 1520 2309 admover-

136 2357 202 2390 ent
228 2363 353 2388 naves.
412 2349 521 2387 Unus
549 2347 722 2385 Aminias
750 2343 1006 2387 Atheniensis,
1026 2341 1174 2388 longius
1202 2343 1364 2385 evectus,
1384 2351 1519 2375 navem
