1591 2492
123 39 171 80 60
519 41 650 80 EASY
679 43 843 80 LATIN
874 43 1107 81 STORIES.
1316 42 1435 95 [PART
1453 55 1503 83 1v.

122 161 131 178 ‘
146 157 301 207 Artybii
328 170 467 207 equum
486 157 598 195 audio
619 162 785 196 erectum
814 162 923 205 stare,
945 163 984 196 et
1001 158 1160 208 pedibus
1186 163 1298 209 atque
1326 172 1389 197 ore
1414 173 1506 211 pug-

121 238 210 264 nare
229 229 360 263 contra
378 224 644 264 adversarium.
688 225 746 263 Tu
762 226 879 276 igitur
893 226 994 264 ocius
1009 225 1176 264 delibera
1186 231 1322 274 tecum,
1337 227 1505 277 mihique

121 293 200 342 ede,
222 297 351 331 utrum
370 293 568 331 observare
596 297 634 330 et
652 293 762 331 ferire
775 294 869 331 velis
885 307 1035 343 equum,
1051 307 1100 332 an
1118 295 1242 344 ipsum
1260 294 1505 345 Artybium'l'

120 361 184 399 Ad
213 361 305 400 haec
336 361 498 399 famulus
534 361 753 411 respondit:
794 362 978 399 ‘Paratus
1016 362 1191 411 equidem
1228 376 1322 410 sum,
1355 376 1435 410 rex,
1468 367 1507 402 et
1550 385 1555 388 ·

120 434 323 479 utrumque
351 429 482 476 facere,
503 433 542 466 et
570 430 806 476 alterutrum,
828 434 866 467 et
885 429 1039 467 omnino
1067 429 1253 479 quidquid
1271 435 1315 467 tu
1333 430 1505 468 iusseris:

120 497 243 535 dicam
261 503 390 535 tamen
417 498 457 535 id
485 497 586 547 quod
606 497 681 535 tuis
708 498 820 535 rebus
850 497 1196 535 commodissimum
1223 498 1317 536 mihi
1344 498 1503 537 videtur.
1551 543 1557 550 .

119 563 263 614 Regem
289 563 496 614 ducemque
516 565 574 602 aio
594 569 767 615 oportere
787 578 871 603 cum
889 578 976 615 rege
1004 570 1042 603 et
1070 565 1163 603 duce
1192 566 1391 616 congredi:
1418 580 1507 604 nam

119 632 150 668 si
177 635 221 669 tu
248 632 373 669 virum
392 631 525 669 ducem
545 632 786 680 interfeceris,
808 646 987 683 magnum
1006 633 1076 670 hoc
1095 632 1166 670 tibi
1185 633 1279 670 erit:
1299 633 1388 682 sive,
1406 633 1506 683 quod

119 699 173 736 dii
207 700 445 749 prohibeant,
479 705 516 737 te
553 700 639 748 ille3
680 701 727 737 ab
755 700 870 750 digno
899 701 1013 738 etiam
1041 700 1194 738 homine
1222 700 1351 748 occidi,
1383 701 1508 739 minor

120 767 313 805 calamitas
332 772 398 805 est.
455 767 535 805 Nos
562 781 651 805 vero
679 768 838 805 famulos
864 769 922 805 aio
951 772 1124 818 oportere
1153 781 1237 806 cum
1256 769 1406 807 famulis
1424 782 1507 807 eon-

118 836 235 885 gredi,
264 840 302 873 et
329 849 413 874 cum
441 848 536 885 equo
550 850 560 883 ,·
589 836 692 873 cuius
719 840 761 873 tu
790 841 888 874 artes
911 849 957 874 ne
986 836 1180 874 timueris:
1213 850 1282 886 ego
1310 837 1411 875 enim
1437 837 1507 875 tibi

118 904 308 952 polliceor,
329 903 509 942 adversus
528 904 675 941 nullum
694 904 886 942 hominem
906 917 1016 953 porro
1037 904 1145 942 illum
1165 917 1203 942 se
1223 904 1456 943 erecturum.²

701 1028 785 1068 lee
803 1029 936 1069 battle.

174 1106 430 1146 176.—Hae0
461 1110 662 1156 postquam
699 1107 860 1157 armiger
887 1107 998 1153 dixit,
1028 1120 1117 1144 mox
1145 1107 1283 1145 deinde
1311 1107 1508 1146 commissa

119 1188 246 1225 pugna
261 1179 328 1222 est,
345 1179 383 1212 et
401 1179 512 1223 terra,
530 1179 568 1212 et
586 1175 691 1213 mari.
748 1175 799 1213 Et
813 1176 973 1213 navibus
989 1174 1142 1224 quidem
1157 1176 1278 1222 Iones,
1295 1175 1430 1213 acriter
1443 1176 1507 1213 illo

120 1242 181 1280 die
199 1247 423 1293 pugnantes,
441 1247 713 1292 superaverunt
732 1243 939 1281 Phoenices
957 1258 965 1281 ι
993 1247 1031 1280 et
1043 1243 1142 1280 inter
1156 1243 1278 1291 Ionas,
1296 1243 1508 1282 Samiorum

118 1323 206 1360 prae
226 1310 358 1348 ceteris
377 1310 498 1348 virtus
521 1310 690 1348 eminuit.
747 1310 947 1348 Pedestres
973 1323 1061 1348 vero
1081 1310 1145 1348 ubi
1174 1323 1391 1360 congressae
1420 1314 1508 1348 sunt

119 1379 257 1429 copiae,
277 1393 414 1429 magno
437 1379 579 1428 impetu
609 1378 769 1416 invicem
794 1379 979 1417 irruentes
1012 1383 1238 1429 pugnarunt.
1293 1379 1357 1416 Ab
1375 1379 1508 1428 imper-

118 1447 287 1484 atoribus
315 1451 442 1484 autem
470 1446 646 1495 utrinque
673 1446 763 1483 hacc
789 1451 895 1496 gesta
923 1451 1020 1484 sunt.
1088 1447 1168 1484 Ubi
1194 1447 1391 1496 Artybius,
1411 1460 1507 1496 equo

118 1528 230 1564 quem
257 1514 339 1552 dixi
366 1518 505 1561 vectus,
536 1513 715 1551 adversus
753 1514 947 1552 Onesilum
978 1515 1162 1564 impetum
1193 1515 1292 1562 fecit,
1323 1514 1505 1561 Onesilus,

118 1582 437 1632 quemadmodum
452 1582 485 1620 ei
499 1595 582 1619 cum
602 1582 786 1632 armigero
806 1587 1041 1630 convenerat,
1056 1583 1143 1621 ferit
1161 1583 1285 1633 ipsum
1303 1583 1508 1621 irruentem

117 1650 349 1699 Artybium:
386 1663 577 1699 quumque
605 1663 722 1698 equus
759 1655 863 1688 scuto
893 1651 1037 1688 Onesili
1072 1650 1187 1700 pedes
1224 1650 1404 1697 inficeret,
1433 1650 1508 1688 Car

117 1718 210 1756 falce
238 1718 374 1755 feriens
402 1717 516 1767 pedes
541 1717 724 1767 praecidit
752 1718 846 1767 equi.
895 1718 956 1756 Ita
979 1718 1164 1767 Artybius
1192 1717 1271 1755 dux
1295 1718 1505 1764 Persarum,

118 1799 193 1823 una
212 1799 296 1823 cum
316 1798 421 1835 equo,
444 1785 584 1822 ibidem
605 1784 747 1823 cecidit.

346 1909 385 1948 T
381 1909 430 1948 lae
450 1910 684 1961 insm‘gents
704 1922 776 1947 are
795 1908 986 1959 betrayed
1001 1909 1090 1948 and
1105 1909 1299 1960 defeated.

172 1986 424 2026 177.—Dum
436 1999 525 2024 vero
539 1986 651 2023 ceteri
664 1986 778 2023 etiam
791 1986 867 2023 acie
880 1990 1062 2035 pugnant,
1077 1985 1216 2023 deserit
1229 1985 1387 2035 Cyprios
1401 1985 1508 2024 Sten-

78 2039 86 2046 ⁵
118 2067 213 2101 osor,
233 2067 330 2092 unus
349 2067 369 2092 e
388 2053 546 2092 ducibus
572 2066 656 2091 cum
683 2066 759 2090 non
788 2053 924 2102 exigua
942 2053 1107 2090 militum
1125 2065 1250 2099 manu,
1272 2065 1364 2102 quos
1383 2066 1508 2091 secum

117 2120 290 2159 habebat.
356 2121 564 2170 Postquam
609 2119 790 2157 Stenosor
825 2119 992 2157 deseruit
1032 2119 1159 2166 socios,
1197 2119 1370 2168 protinus
1408 2119 1509 2158 Sala-

116 2187 319 2225 miniorum
338 2200 486 2237 quoque
512 2186 688 2224 essedarii
707 2186 808 2223 idem
833 2186 1014 2224 fecerunt.
1072 2186 1154 2233 Quo
1182 2186 1280 2222 facto
1300 2186 1508 2235 superiores

117 2255 266 2305 Cypriis
303 2255 440 2293 Persae
467 2258 678 2293 evaserunt.
750 2253 919 2300 Quorum
955 2253 1121 2291 exercitu
1157 2253 1197 2289 in
1224 2252 1352 2302 fugam
1387 2266 1506 2301 verso,

117 2321 333 2360 occiderunt
370 2326 408 2359 et
435 2321 499 2359 alii
525 2321 646 2367 multi,
686 2323 724 2357 et
759 2320 838 2369 ipse
876 2319 1060 2367 Onesilus,
1099 2318 1163 2368 qui
1198 2317 1348 2368 Cypriis
1378 2324 1508 2358 auctor

1586 110 1591 139 ¹.
