1591 2492
69 82 170 108 PART
188 69 267 121 111.]
320 72 437 108 THE
464 71 616 109 SPICE
644 71 1002 107 TRADE——THE
1032 70 1180 108 GOLD
1210 72 1357 108 ANTS.
1416 84 1465 119 39

67 186 209 224 bestiae
230 186 363 232 alatae,
382 185 715 234 vespertilionibus
747 185 913 222 maxime
942 185 1094 232 similes,
1124 185 1207 222 diro
1235 185 1350 223 modo
1383 186 1463 224 stri-

68 254 211 302 dentes,
233 258 271 291 et
298 253 443 291 viribus
469 252 741 302 praevalentes.
798 253 880 290 Has
903 266 1021 303 quum
1040 253 1088 291 ab
1108 253 1224 291 oculis
1244 254 1463 304 abegerunt,

68 322 204 360 casiam
221 325 381 360 metunt.

468 398 581 436 How
601 404 640 437 to
651 404 825 448 procare
843 398 1072 438 cinnamon.

122 476 568 516 123.—Oinnamomum
582 488 671 512 vero
686 475 910 512 mirabiliori
921 475 1037 513 etiam
1048 475 1163 513 modo
1179 476 1372 526 colligunt.
1417 477 1464 514 In

66 543 111 582 iis
137 544 354 593 regionibus
390 544 494 581 nasci
523 542 699 590 creditur,
729 543 768 580 in
806 543 944 592 quibus
971 543 1142 581 Bacchus
1179 545 1361 582 educatus
1389 550 1460 583 est.

64 611 280 650 'Narrantur
308 616 435 649 autem
462 612 635 661 ingentes
663 624 751 648 aves
779 612 911 648 afferre
943 611 1012 649 hos
1043 611 1208 658 bacillos,
1231 626 1325 662 quos
1351 626 1402 651 no
1443 627 1464 650 a

64 679 317 717 Phoenicibus
336 679 461 716 edocti
480 679 761 716 cinnamomum
780 691 967 717 vocamus.
1024 679 1079 716 Hi
1100 680 1227 717 bacilli
1245 680 1464 719 inferuntur

64 748 112 785 ab
130 747 205 785 illis
233 748 367 785 avibus
395 747 435 784 in
463 746 585 793 nidos,
605 760 625 784 e
644 746 725 784 luto
745 750 932 784 astructos
951 746 1000 784 ad
1019 748 1209 785 montium
1226 749 1461 799 praecipitia,

64 828 111 852 ne
143 816 227 865 quis
259 815 404 853 homini
436 827 603 852 accessus
639 818 779 864 pateat.
835 815 919 852 Tali
955 815 1072 865 igitur
1104 816 1262 853 artificio
1299 821 1460 854 utuntur

63 884 220 922 Arabes.
275 883 398 920 Boum
426 888 465 920 et
492 883 684 920 asinorum
712 882 947 932 aliorumque
979 883 1237 921 iumentorum
1264 884 1456 932 cadavera,

63 951 103 988 in
121 951 243 988 frusta
268 951 405 1000 grandi
431 950 696 1000 magnitudine
735 951 908 999 dissecta,
939 956 1148 1001 congerunt
1179 952 1219 989 in
1246 952 1338 990 haec
1364 953 1454 991 loca.

64 1018 168 1056 Haec
200 1031 317 1068 quum
352 1018 392 1055 in
424 1018 562 1055 vicinia
598 1017 776 1055 nidorum
813 1018 1081 1068 deposuerunt,
1115 1019 1245 1069 procul
1281 1020 1369 1057 inde
1405 1034 1458 1058 re-

63 1086 224 1124 cedunt:
252 1090 336 1123 tum
354 1085 525 1123 volucres
544 1085 816 1124 descendentes
836 1087 1092 1124 iumentorum
1119 1087 1271 1125 illorum
1289 1089 1458 1126 membra

62 1154 203 1192 tollunt
222 1158 260 1192 et
278 1155 318 1192 in
346 1154 456 1192 nidos
476 1158 725 1204 comportant.
783 1155 836 1192 Hi
855 1160 994 1202 autem,
1015 1168 1133 1204 quum
1160 1155 1344 1193 sustinere
1364 1169 1457 1194 onus

62 1235 138 1260 non
174 1222 330 1271 possint,
369 1227 598 1272 rumpuntur
630 1227 669 1260 et
700 1223 739 1259 in
771 1227 913 1260 terram
945 1223 1136 1261 decidunt.
1193 1224 1299 1262 Tunc
1336 1238 1457 1262 accur-

62 1294 188 1327 rentes
215 1291 398 1337 homines,
427 1290 708 1328 cinnamomum
737 1291 933 1341 colligunt,
965 1291 1067 1341 quod
1100 1292 1139 1329 in
1168 1291 1259 1329 alias
1286 1292 1457 1342 regiones

63 1362 247 1407 portatur.

426 1468 690 1504 VL-THE
720 1469 800 1506 GO
810 1469 886 1505 LD
917 1470 1087 1506 ANTS.

103 1549 448 1588 124.—N0nnu11i
460 1554 549 1587 sunt
561 1549 651 1587 Indi
662 1550 873 1600 Caspatyro
885 1552 971 1589 urbi
984 1552 1147 1589 finitimi.
1179 1552 1233 1589 Hi
1245 1556 1335 1590 sunt
1346 1552 1458 1590 Indo>

64 1628 148 1652 rum
165 1615 452 1662 bellicosissimi,
467 1615 658 1665 iidemque
678 1617 743 1666 qui
756 1622 799 1654 ut
814 1617 993 1667 colligant
1005 1631 1139 1655 aurum
1157 1619 1455 1668 proficiscuntur.

64 1684 134 1721 Est
169 1684 271 1721 enim
306 1684 361 1721 ibi
396 1684 546 1722 deserta
572 1685 676 1734 regio
704 1690 861 1735 propter
888 1699 1067 1725 arenam:
1105 1692 1143 1724 et
1170 1688 1211 1724 in
1248 1688 1317 1726 hac
1345 1701 1459 1726 arena

65 1755 155 1788 sunt
180 1751 369 1798 formicae,
398 1751 662 1801 magnitudine
695 1766 772 1790 non
809 1753 965 1803 quidem
1001 1758 1110 1792 tanta
1138 1760 1282 1804 quanta
1309 1769 1455 1803 canum,

65 1818 131 1856 sed
167 1823 296 1856 tamen
323 1819 484 1857 maiores
511 1820 701 1869 vulpibus.
758 1821 843 1859 Hae
875 1822 993 1871 igitur
1028 1823 1217 1870 formicae,
1251 1824 1321 1861 sub
1356 1828 1458 1861 terra

64 1885 294 1933 habitantes,
313 1886 467 1924 fodiunt
486 1900 639 1925 arenam
658 1888 792 1926 eodem
811 1889 925 1927 modo
946 1903 1020 1939 quo
1035 1890 1075 1927 in
1090 1890 1249 1929 Graecia
1266 1891 1456 1940 formicae,

65 1953 202 2002 quibus
221 1954 337 1991 etiam
355 1955 477 2004 specie
498 1955 664 2004 corporis
684 1956 898 1994 simillimae
917 1962 1016 1996 sunt.
1055 1958 1184 1995 Arena
1203 1963 1341 2006 autem,
1363 1974 1458 2010 quae

65 2021 113 2058 ab
148 2021 224 2059 illis
260 2021 419 2069 eiicitur,
448 2023 612 2060 aurifera
638 2028 705 2062 est.
774 2024 910 2074 Itaque
947 2030 990 2062 ut
1026 2025 1124 2063 hanc
1156 2026 1348 2077 colligant,
1376 2042 1459 2078 pro-

65 2088 201 2126 fecturi
235 2089 325 2126 Indi
360 2090 524 2140 iungunt
556 2090 715 2140 quisque
751 2096 828 2129 tres
866 2093 1038 2140 camelos,
1076 2093 1244 2132 funalem
1280 2096 1460 2146 utrinque

65 2167 234 2204 marem3
261 2157 302 2194 in
328 2157 454 2195 medio
479 2158 672 2205 feminam,
693 2158 783 2197 data
805 2173 920 2209 opera
937 2166 981 2198 ut
1009 2175 1030 2199 a
1058 2162 1172 2210 pullis
1193 2176 1307 2212 quam
1325 2177 1458 2214 nuper-

66 2222 160 2259 rime
197 2223 387 2262 abstracta
424 2225 627 2275 iungatur:
673 2226 770 2264 hanc
806 2227 886 2276 ipse
923 2229 1152 2268 conscendit.
1220 2230 1320 2269 Sunt
1359 2232 1461 2270 enim

67 2289 200 2326 cameli
236 2291 343 2340 equis
369 2292 572 2330 velocitate
599 2306 677 2331 non
714 2294 922 2342 inferiores,
951 2296 1107 2346 insuper
1142 2310 1232 2335 vero
1265 2298 1314 2336 ad
1347 2312 1461 2338 onera

67 2354 224 2394 ferenda
259 2358 381 2396 multo
409 2360 637 2399 validiores:
683 2362 845 2399 feminae
882 2367 1009 2400 autem
1046 2377 1067 2401 a
1102 2365 1216 2414 pullis
1250 2366 1461 2407 abstractae
