1591 2492
137 85 185 122 54
529 75 659 111 EASY
688 72 854 110 LATIN
883 73 1116 111 STORIES.
1322 72 1443 123 [PART
1461 84 1511 110 1v.

136 188 285 226 Amasis
303 188 469 238 Aegypti
495 202 563 226 rex
581 189 768 226 ominatus
796 192 886 226 erat.
942 188 1096 226 Oroetes
1124 191 1249 225 autem
1267 187 1368 225 haud
1394 187 1514 225 multo

135 261 222 304 post
250 270 272 293 a
307 256 434 303 Dario,
470 269 557 305 rege
593 256 802 303 Persarum,
832 255 964 305 capitis
1000 255 1268 293 condemnatus
1297 260 1364 294 est.
1432 256 1517 294 Tali

136 322 252 371 igitur
286 322 398 360 modo
435 323 595 361 Oroeten
645 326 860 372 persecutae
896 327 984 360 sunt
1019 322 1121 360 dirae
1157 323 1364 372 Polycratis
1399 323 1517 361 Samii

136 389 297 427 ultrices.

322 591 718 629 VIL—DARIUS
747 592 874 628 AND
907 592 1298 630 DEMOCEDES.

488 705 651 744 Darius
673 712 794 744 meels
814 705 916 744 wz'tlz
935 719 990 744 au
1010 706 1196 745 accident.

192 798 461 845 161.--Quum
487 798 647 836 Oroetac
683 812 741 836 res
768 798 962 836 familiaris
1000 798 1094 836 Susa
1120 803 1218 836 esset
1250 803 1513 848 transportata,

139 866 272 904 accidit
298 870 341 903 ut
368 865 485 903 Dario
516 865 606 915 regi,
636 865 736 902 inter
770 865 985 903 venandum
1021 878 1069 902 ex
1100 878 1194 914 equo
1224 865 1423 913 desilienti,
1451 880 1516 916 pes

138 935 444 985 distorqueretur.
518 934 569 971 Et
594 934 758 984 graviori
786 933 949 983 quodam
984 932 1097 970 modo
1124 933 1306 970 distortus
1333 937 1400 981 est,
1429 947 1517 971 nam

137 1003 342 1052 astragalus
361 1016 409 1040 ex
436 1002 602 1040 articulis
630 1002 783 1039 exierat.
838 1001 973 1050 Itaque
1004 1000 1157 1038 medicis
1185 1001 1395 1050 Aegyptiis,
1424 1014 1517 1051 quos

136 1072 477 1121 praestantissimos
504 1071 544 1108 in
571 1075 651 1108 arte
676 1070 907 1107 medicorum
933 1070 1103 1119 putabat,
1133 1082 1221 1106 usus
1248 1073 1314 1107 est.
1369 1069 1424 1106 At
1449 1069 1515 1117 illi,

137 1145 354 1190 torquentes
373 1139 508 1189 pedem
526 1139 678 1188 vimque
694 1151 870 1187 magnam
889 1138 1096 1185 afferentes,
1116 1138 1256 1175 malum
1275 1142 1471 1176 auxerunt.

604 1310 686 1348 lee
703 1309 857 1360 captive
874 1322 1053 1360 surgeon.

191 1395 467 1442 162.—Quum
480 1394 596 1444 igitur
608 1398 708 1431 totos
721 1399 864 1443 septem
876 1394 956 1431 dies
963 1398 1179 1443 septemque
1191 1398 1317 1431 noctes
1330 1394 1517 1433 insomnes

140 1463 276 1512 egisset
283 1477 294 1510 3
321 1466 452 1500 octavo
472 1462 532 1499 die
545 1461 710 1511 graviter
737 1461 924 1499 laboranti
951 1460 1066 1498 Dario
1094 1461 1245 1498 nuntiat
1263 1461 1458 1510 quispiam,
1479 1475 1517 1499 se

140 1529 230 1566 olim
258 1529 437 1567 Sardibus
456 1529 680 1567 Democedis
699 1533 816 1566 artem
846 1528 942 1565 forte
970 1527 1156 1566 audivisse
1183 1528 1350 1566 laudari:
1377 1541 1517 1578 rexque

128 1594 341 1644 imperavit,
362 1598 407 1632 ut
434 1594 482 1631 ad
511 1608 549 1632 se
573 1607 685 1644 quam
713 1594 878 1644 primum
906 1593 1167 1630 adduceretur.
1226 1593 1299 1640 Qui
1327 1593 1393 1631 ubi
1421 1593 1522 1632 inter

130 1663 293 1701 Oroetae
312 1662 501 1712 mancipia
518 1668 690 1712 repertus
710 1667 779 1709 est,
799 1661 1024 1712 producitur
1050 1661 1089 1698 in
1117 1661 1298 1710 medium,
1319 1663 1521 1712 compedes

130 1732 300 1780 trahens,
321 1736 360 1769 et
378 1731 519 1770 laceros
538 1744 685 1782 pannos
704 1730 871 1768 indutus.

620 1906 690 1944 He
708 1920 821 1945 cures
844 1905 908 1944 tlae
927 1905 1037 1956 king.

187 2009 386 2049 163.—In
405 2009 531 2047 medio
546 2013 712 2047 stantem
726 2008 976 2058 interrogavit
995 2021 1063 2045 rex
1081 2021 1174 2045 num
1193 2012 1273 2045 arte
1289 2007 1436 2045 medica
1453 2008 1522 2045 cal-

141 2075 235 2112 leret
241 2089 252 2121 3
272 2079 311 2111 at
325 2074 386 2111 ille
401 2073 564 2122 negavit,
581 2072 723 2110 veritus
737 2085 796 2117 ne,
812 2072 843 2108 si
858 2075 1152 2121 cognosceretur,
1167 2071 1271 2109 nulla
1283 2085 1365 2121 spes
1380 2073 1522 2122 reliqua

141 2143 238 2179 foret
264 2141 304 2178 in
331 2141 527 2179 Graeciam
545 2139 738 2177 redeundi.
783 2139 921 2176 Darius
949 2152 1037 2176 vero
1056 2139 1269 2188 intelligens
1288 2139 1522 2178 dissimulare

140 2208 342 2254 hominem,
371 2212 410 2245 et
435 2220 595 2257 gnarum
623 2219 702 2243 esse
729 2206 832 2251 artis,
853 2205 1000 2255 flagella
1026 2209 1065 2242 et
1092 2205 1262 2242 stimulos
1289 2206 1329 2242 in
1355 2205 1522 2243 medium

136 2275 296 2325 proferri
314 2275 431 2313 iussit.
496 2275 594 2312 Tum
613 2274 676 2311 ille
695 2273 883 2323 professus
902 2273 967 2319 ait,
987 2277 1155 2310 accurate
1174 2272 1328 2322 quidem
1346 2286 1385 2311 se
1403 2277 1521 2311 artem

136 2358 211 2382 non
239 2344 391 2382 doctum
410 2356 501 2384 esse.
521 2342 586 2381 sed
615 2342 890 2391 aliquantulam
916 2341 995 2379 eius
1014 2341 1192 2379 notitiam
1210 2341 1349 2380 habere
1369 2355 1416 2379 ex
1435 2342 1522 2379 ami-
