1591 2492
78 94 180 121 PAR‘r
200 83 268 135 1v.]
365 86 700 123 EXPEDITION
732 86 800 123 OF
828 86 1164 123 CLEOMENES.
1414 99 1455 134 75

77 196 198 234 exisse
225 196 320 234 mihi
351 197 392 234 id
421 197 663 234 vaticinium.’
718 197 811 234 Post
838 197 941 243 haec,
970 198 1110 234 maiore
1138 198 1325 235 exercitus
1352 204 1458 247 parte

76 263 252 312 Spartam
271 264 435 311 dimissa,
456 265 534 314 ipse
561 278 645 301 cum
663 265 766 301 mille
794 264 1007 302 fortissimis
1027 265 1074 302 ad
1097 265 1254 302 Iunonis
1273 266 1457 315 templum

75 342 113 367 se
132 331 303 378 contulit,
323 345 426 369 sacra
443 332 618 370 facturus.
675 332 800 379 Quum
822 337 947 369 autem
968 333 1172 370 sacrificare
1190 332 1316 378 vellet,
1335 334 1458 370 vetuit

74 409 159 434 eum
178 397 349 435 sacerdos
367 398 506 445 dicens,
526 398 631 436 nefas
650 411 728 436 esse
747 399 988 448 peregrinum
1007 412 1111 436 sacra
1137 399 1190 436 ibi
1217 399 1346 437 facere.
1402 401 1456 437 At

73 464 304 513 Cleomenes,
323 466 433 503 iussis
459 466 589 503 hilotis
607 466 813 504 abductum
840 466 888 503 ab
907 479 971 503 ara
989 466 1220 503 sacerdotem
1248 467 1454 512 verberare,

73 532 150 581 ipse
170 545 272 570 sacra
290 533 401 579 fecit3
429 546 503 581 quo
521 533 621 570 facto
641 533 815 582 Spartam
835 533 957 570 rediit.

410 713 533 753 Trz'al
548 714 638 753 and
654 714 815 764 defence
833 714 885 762 of
902 712 1132 753 Cleomenes.

120 807 439 857 214.—Spartae
458 820 548 844 vero
567 806 710 844 inimici
729 819 816 843 eum
844 806 944 856 apud
973 807 1132 856 ephoros
1150 819 1256 844 reum
1275 813 1433 856 egerunt
1449 823 1454 843 ;

70 875 221 913 aiebant
257 875 369 921 enim,
408 874 588 924 ‘pecunia
624 878 843 923 corruptum
878 874 1002 924 Argos
1038 887 1114 911 non
1151 874 1302 923 cepisse,
1339 887 1455 923 quum

70 955 199 992 capere
217 942 392 980 facillime
406 941 614 991 potuisset.’
685 941 740 978 At
766 941 829 978 ille
856 941 1063 990 respondit,
1081 946 1089 961 ‘
1103 946 1303 991 postquam
1330 941 1455 978 lucum

68 1010 171 1059 Argo
203 1022 349 1047 sacrum
376 1010 546 1059 cepisset,
573 1009 697 1046 visum
725 1009 796 1046 sibi
830 1009 951 1046 exisse
978 1010 1199 1046 vaticinium
1228 1009 1311 1046 dei:
1341 1022 1454 1058 quare

69 1090 144 1114 non
171 1076 395 1114 tentandam
421 1077 555 1114 urbem
581 1076 785 1126 putavisse,
806 1077 1024 1126 priusquam
1054 1077 1166 1114 sacris
1189 1076 1297 1113 factis
1325 1089 1455 1125 cogno-

68 1145 194 1189 visset,
223 1148 352 1181 utrum
387 1144 598 1181 traditurus
626 1144 697 1182 sibi
725 1157 808 1181 eam
840 1144 943 1181 Deus
971 1148 1079 1190 esset,
1108 1157 1157 1181 an
1184 1143 1454 1193 impedimento

67 1212 226 1250 futurus.
273 1212 419 1250 Litanti
438 1217 565 1250 autem
584 1213 655 1250 sibi
675 1213 713 1249 in
734 1212 890 1249 Iunonis
909 1211 1012 1259 aede,
1034 1225 1081 1249 ex
1099 1212 1288 1249 simulacri
1306 1216 1455 1260 pectore

68 1280 248 1317 effulsisse
270 1280 483 1317 flammam:
512 1281 638 1329 itaque
658 1280 888 1317 intellexisse
908 1293 957 1328 se,
979 1280 1102 1329 Argos
1122 1280 1204 1329 capi
1230 1291 1306 1315 non
1325 1291 1455 1328 posse:

67 1361 166 1393 nam,
187 1348 217 1385 si
237 1361 284 1385 ex
303 1349 424 1397 capite
443 1348 632 1385 simulacri
651 1348 851 1385 effulsisset
868 1348 1029 1394 flamma,
1051 1351 1248 1396 capturum
1267 1359 1305 1383 se
1323 1346 1454 1382 urbem

67 1415 202 1453 fuisse:
231 1428 348 1465 quum
374 1428 465 1453 vero
493 1429 512 1452 e
539 1420 691 1465 pectore
719 1415 929 1462 effulsisset,
951 1415 1083 1452 effecta
1110 1427 1188 1450 esse
1217 1413 1342 1450 onmia
1362 1426 1454 1461 quae

68 1481 170 1519 Deus
190 1483 269 1519 fieri
288 1483 490 1520 voluisset?
545 1482 678 1531 Itaque
699 1483 864 1519 criminis
883 1482 1077 1519 absolutus
1095 1490 1161 1518 est.

364 1654 564 1692 Madness
584 1653 674 1691 and
690 1652 845 1690 suicide
863 1652 916 1700 of
932 1651 1165 1691 Cleomenes.

118 1745 415 1786 215.—Postea
441 1745 547 1782 furor
574 1757 661 1781 eum
689 1744 846 1781 invasit:
875 1756 965 1781 nam
993 1745 1138 1792 quoties
1166 1744 1374 1793 Spartanus
1393 1744 1454 1780 ob-

68 1814 169 1851 viam
189 1813 223 1850 ei
250 1813 409 1859 veniret,
429 1812 516 1849 huic
536 1816 726 1861 sceptrum
746 1812 784 1848 in
804 1811 937 1848 faciem
957 1811 1161 1860 infligebat.
1218 1810 1321 1857 Quae
1341 1824 1457 1860 quum

68 1882 219 1926 faceret,
235 1884 275 1917 et
293 1879 458 1917 alienata
476 1883 604 1916 mente
620 1883 730 1924 esset,
746 1879 954 1915 vinxerunt
973 1891 1058 1915 eum
1073 1878 1287 1927 propinqui,
1303 1883 1342 1914 et
1354 1878 1457 1927 ligno

69 1948 330 1998 alligaverunt.
386 1947 442 1984 At
468 1946 543 1993 ille,
577 1947 632 1983 ita
668 1946 830 1992 vinctus,
859 1947 925 1983 ubi
962 1945 1061 1982 vidit
1096 1958 1215 1982 unum
1251 1944 1457 1990 custodem,

70 2016 226 2066 egressis
253 2015 398 2061 ceteriS,
412 2014 534 2052 solum
561 2013 747 2060 relictum,
765 2013 930 2050 cultrum
948 2012 1158 2062 postulavit
1175 2028 1182 2049 :
1211 2025 1324 2061 quem
1343 2024 1459 2060 quum

69 2083 104 2121 ei
122 2083 252 2120 statim
270 2082 360 2119 dare
382 2081 502 2118 nollet
521 2085 658 2127 custos,
678 2080 845 2117 minatus
874 2084 931 2117 est
958 2080 1104 2117 homini
1123 2092 1218 2128 quae
1238 2077 1375 2115 deinde
1403 2078 1460 2114 illi

69 2152 235 2190 facturus
254 2155 375 2198 esset3
404 2150 524 2187 donec
551 2149 664 2186 minis
692 2149 847 2185 territus
867 2147 1031 2185 cultrum
1058 2146 1175 2184 dedit.
1232 2145 1331 2182 Tum
1357 2157 1458 2190 vero,

70 2223 221 2268 sumpto
239 2218 350 2264 ferro,
379 2217 613 2262 Cleomenes,
641 2215 751 2252 initio
771 2228 793 2252 a
821 2215 991 2252 cruribus
1020 2214 1132 2260 facto,
1152 2213 1286 2250 misere
1314 2225 1352 2249 se
1380 2212 1458 2260 ipse

70 2284 260 2322 laceravit.
316 2284 527 2327 Postremo,
546 2282 613 2319 ubi
632 2281 680 2318 ad
700 2285 873 2317 ventrem
891 2286 1117 2329 perventum
1137 2285 1206 2325 est,
1226 2279 1326 2315 hunc
1345 2278 1457 2315 etiam

71 2351 259 2394 dissecuit,
279 2349 398 2386 donec
417 2349 581 2385 animam
601 2347 748 2383 efflavit.
