1591 2492
141 47 187 89 56
534 45 665 81 EASY
693 45 859 80 LATIN
887 46 1120 83 STORIES.
1331 45 1451 96 [PART
1470 57 1521 84 lv.

139 155 256 206 Equis
275 160 314 194 et
331 157 508 194 iumentis
528 171 595 207 pro
614 158 752 207 pabulo
771 158 890 208 pisces
917 159 1109 208 praebent.
1165 159 1235 197 Est
1261 164 1389 198 autem
1415 164 1522 198 tanta

140 224 245 274 copia
268 224 437 274 piscium,
456 229 510 273 ut,
531 225 682 275 quando
710 226 860 264 corbem
887 239 934 263 ex
960 226 1049 264 fune
1076 227 1116 263 in
1144 239 1279 276 aquam
1306 227 1521 274 demittant,

139 291 245 329 brevi
263 292 486 342 interposita
503 306 609 331 mora
626 293 777 342 plenam
795 293 958 343 piscibus
978 293 1189 332 extrahant.

313 475 462 511 X.—-A
489 476 633 511 WAY
662 475 784 512 OUT
814 476 892 513 OF
920 477 959 511 A
989 476 1380 514 DIFFICULTY.

193 556 582 606 167.—-Aristagoras
609 556 780 594 Milesius
813 562 967 594 conatus
995 561 1052 594 est
1078 557 1301 606 persuadere
1329 557 1522 596 Cleomeni

139 624 412 674 Spartanorum
423 625 501 674 regi
514 629 557 662 ut
571 624 853 674 expeditionem
867 625 1071 674 susciperet
1083 625 1261 663 adversus
1273 625 1416 663 Persas.
1451 625 1525 672 Qui

139 705 256 741 quum
283 692 444 730 nesciret
470 705 544 742 quo
571 692 684 730 modo
712 706 792 730 rem
819 692 1046 730 detrectaret
1058 707 1069 740 3
1096 693 1282 742 quaesivit
1308 706 1356 730 ex
1382 693 1525 731 Arista-

139 773 242 810 gora,
263 764 357 809 quot
375 759 521 797 dierum
549 765 646 798 esset
672 761 744 798 iter
769 774 790 797 a
817 761 912 798 mari
939 761 1046 798 Ionio
1075 761 1123 798 ad
1149 763 1302 810 regem‘l
1356 760 1406 798 Et
1423 760 1525 798 Aris—

139 833 300 878 tagoras,
347 828 514 877 alioquin
559 828 716 866 callidus
760 828 885 875 homo,
933 833 971 866 et
1019 841 1105 866 eum
1153 828 1279 878 pulcre
1324 828 1522 878 decipiens,

140 902 288 935 coactus
323 901 381 935 est
415 896 652 946 respondere,
687 897 802 934 trium
839 897 1025 933 mensium
1058 909 1137 933 esse
1168 896 1250 934 iter.
1306 895 1404 933 Tum
1435 909 1525 934 vero

140 964 370 1012 Cleomenes,
390 964 608 1014 praecidens
635 964 823 1013 reliquum
851 977 1073 1010 sermonem,
1094 976 1205 1012 quem
1233 962 1280 1000 de
1307 963 1441 1000 itinere
1460 963 1524 1000 illo

139 1032 304 1070 facturus
332 1036 413 1070 erat
438 1032 689 1082 Aristagoras,
719 1033 794 1070 ait:
834 1032 1003 1081 ‘Hospes
1030 1031 1189 1077 Milesie,
1219 1031 1356 1068 excede
1389 1031 1526 1080 Sparta

140 1105 227 1138 ante
246 1101 334 1139 solis
354 1113 547 1138 occasum:
576 1113 651 1137 non
681 1100 781 1137 enim
809 1112 1020 1137 sermonem
1047 1098 1140 1135 dicis
1168 1098 1397 1135 audiendum
1416 1097 1525 1147 Spar-

140 1168 249 1215 tanis,
282 1169 346 1218 qui
375 1182 437 1207 eos
474 1168 600 1218 cupias
637 1168 753 1205 trium
788 1167 975 1204 mensium
1003 1167 1105 1204 viam
1141 1165 1325 1203 abducere
1354 1179 1377 1203 a
1407 1165 1524 1203 mari?

140 1237 212 1274 His
231 1236 341 1275 dictis
361 1236 581 1275 Cleomenes
601 1236 756 1273 domum
776 1235 879 1273 abiit.

674 1425 712 1463 A
740 1423 851 1462 noble
868 1423 987 1462 child.

197 1510 448 1551 168.—Tum
467 1523 555 1547 vero
574 1510 815 1558 Aristagoras
837 1514 987 1558 sumpto
1016 1508 1118 1546 oleae
1137 1521 1240 1546 ramo
1260 1507 1415 1545 domum
1434 1507 1529 1545 adiit

145 1579 366 1626 Cleomenis,
391 1584 429 1616 et
455 1579 644 1627 ingressus
672 1577 832 1626 supplex
859 1577 967 1614 illum
994 1580 1166 1626 precatus
1194 1580 1262 1622 est,
1291 1580 1345 1622 ut,
1374 1575 1529 1612 dimissa

143 1647 268 1694 filiola,
289 1659 367 1684 sese
386 1645 555 1684 audiret:
585 1646 732 1683 astabat
751 1645 852 1682 enim
871 1644 967 1681 forte
993 1643 1186 1682 Cleomeni
1205 1643 1292 1690 filia,
1314 1643 1372 1680 cui
1390 1655 1528 1679 nomen

144 1719 224 1752 erat
243 1714 381 1763 Gorgo,
402 1714 512 1750 unica
530 1713 629 1750 illius
657 1713 792 1762 proles,
813 1725 997 1749 annorum
1025 1716 1109 1749 octo
1138 1715 1203 1748 aut
1229 1723 1367 1748 novem
1392 1709 1526 1759 puella.

152 1781 266 1818 Iussit
294 1781 402 1818 illum
433 1780 653 1818 Cleomenes
686 1780 808 1817 dicere
839 1792 933 1828 quae
964 1779 1090 1825 vellet,
1114 1791 1182 1815 nec
1211 1790 1353 1815 cessare
1383 1776 1529 1826 puellae

145 1862 282 1887 caussa.
355 1848 416 1886 Ibi
452 1848 693 1897 Aristagoras
730 1847 859 1884 decem
904 1846 1044 1895 incepit
1088 1845 1232 1883 talenta
1271 1845 1306 1882 ei
1350 1843 1528 1893 polliceri,

146 1916 177 1953 si
203 1929 257 1962 ea,
278 1928 373 1965 quae
399 1915 580 1965 petiisset,
619 1915 690 1952 sibi
718 1915 849 1952 effecta
876 1913 1064 1951 dedisset:
1097 1913 1286 1950 abnuente
1316 1910 1529 1957 Cleomene,

145 1996 362 2033 progressus
407 1988 465 2020 est
509 1983 679 2032 augendo
734 1981 893 2019 subinde
937 1981 1116 2031 pecuniae
1169 1992 1366 2026 summam,
1412 1978 1530 2016 donec

145 2055 346 2100 postremo,
367 2064 483 2100 quum
503 2050 777 2100 quinquaginta
795 2049 939 2087 talenta
962 2049 1151 2098 pollicitus
1178 2052 1285 2094 esset,
1306 2046 1532 2084 exclamavit

146 2118 292 2167 puella:
325 2118 470 2166 ‘Pater,
491 2123 705 2167 corrumpet
732 2123 770 2154 te
795 2117 856 2154 hic
882 2117 1028 2166 hospes,
1048 2115 1122 2153 nisi
1149 2115 1250 2153 ocius
1276 2114 1364 2152 hinc
1392 2115 1532 2151 absces-

147 2185 260 2223 seris.'
339 2185 437 2223 Tum
473 2185 680 2223 delectatus
722 2185 942 2223 Cleomenes
977 2183 1123 2233 puellae
1158 2182 1316 2229 monito,
1352 2181 1457 2228 abiit,
1494 2185 1533 2218 et

146 2253 385 2303 Aristagoras
418 2253 554 2303 Sparta
584 2253 736 2290 omnino
767 2252 936 2298 excessit,
970 2264 1092 2300 neque
1122 2250 1157 2288 ei
1187 2250 1294 2287 licuit
1322 2249 1369 2287 de
1398 2249 1532 2286 itinere

148 2321 195 2358 ad
213 2334 340 2371 regem
358 2321 467 2370 plura
485 2333 785 2358 commemorare.
