1591 2492
67 82 170 108 PART
189 70 250 122 11.]
306 74 724 111 RHAMPSINITUS
752 75 865 110 AND
895 76 1011 112 THE
1039 79 1220 114 THIEF.
1405 93 1449 126 ⁰9

468 237 551 275 Tlee
568 237 705 288 king's
727 238 1056 278 measure-house.

93 329 294 370 95.—Hic
308 343 377 366 rex
390 343 546 379 magnas
563 342 650 378 opes
665 329 840 375 habebat,
857 329 1154 377 immensamque
1170 329 1248 365 vim
1263 330 1420 378 argenti.

39 396 172 445 Itaque
191 397 231 433 in
249 401 334 433 tuto
357 409 538 445 reponere
557 409 642 433 suas
660 396 837 445 pecunias
858 396 1021 445 cupiens,
1042 394 1152 431 aedes
1172 395 1422 432 aedificandas

41 464 186 501 curavit
203 464 380 512 lapideas.
438 464 476 500 Is
505 464 563 500 cui
590 463 814 500 mandatum
833 476 926 512 opus
946 467 1038 508 erat,
1058 463 1257 511 pecuniam
1276 467 1421 511 petens,

39 529 109 567 hoc
126 530 363 567 machinatus
383 534 449 567 est.
485 530 545 566 Ex
559 530 748 578 lapidibus
767 543 886 566 unum
904 529 1064 578 paravit,
1085 528 1149 577 qui
1162 541 1181 564 e
1193 541 1300 565 muro
1315 529 1423 566 facile

39 598 153 635 eximi
183 599 320 648 potuit,
349 612 371 636 a
407 598 554 635 duobus
581 598 641 635 vel
670 599 785 635 etiam
814 599 861 635 ab
888 611 964 634 uno
1000 598 1162 635 homine.
1235 598 1422 636 Absoluto

41 665 220 711 aedificio,
240 679 308 703 rex
336 666 375 702 in
394 666 458 702 illo
479 665 632 702 divitias
651 678 735 702 suas
755 664 939 713 deposuit.

370 804 468 843 Two
491 804 651 842 robbers
669 804 776 854 spoil
792 804 856 842 tlze
875 811 1088 842 treasures.

89 896 422 935 96.—Interiect0
442 901 568 933 autem
589 901 758 945 tempore
777 897 819 942 is,
836 896 901 945 qui
920 896 1132 933 aedificium
1147 895 1422 943 aedificaverat,

39 975 153 1011 prope
171 963 272 1000 vitae
299 964 413 1000 finem
440 963 522 1000 fuit.
596 962 803 999 Advocatis
831 963 947 1012 igitur
965 962 1051 999 filiis
1079 961 1227 999 duobus
1246 963 1422 1011 exposuit

39 1029 248 1066 artificium.
305 1029 507 1077 Perspicue
526 1029 611 1065 illos
630 1028 766 1077 lapidis
786 1029 947 1077 speciem
973 1041 1261 1076 mensuramque
1280 1027 1419 1066 docuit.

40 1095 121 1132 Hoc
140 1096 256 1143 igitur
282 1096 363 1132 vita
381 1096 522 1140 functo,
543 1095 610 1131 filii
628 1094 730 1131 haud
749 1095 869 1131 multo
897 1099 1029 1143 postea
1047 1095 1151 1143 operi
1171 1094 1423 1132 admoverunt

38 1174 179 1199 manus.
248 1162 375 1199 Noctu
403 1162 451 1198 ad
471 1153 691 1198 'aedificium
718 1161 948 1207 accedentes,
976 1161 1142 1210 lapidem
1168 1166 1421 1208 removerunt,

39 1233 76 1265 et
92 1228 254 1266 multum
273 1229 452 1278 pecuniae
469 1229 648 1265 extulere.

477 1360 562 1399 One
580 1360 633 1411 of
645 1360 751 1398 tlzem
774 1358 810 1397 is
828 1358 986 1409 [angles.

83 1431 350 1470 97.——Postea
378 1444 445 1467 rex
469 1431 683 1468 aedificium
711 1431 871 1480 aperuit,
892 1431 1068 1480 viditque
1087 1430 1200 1468 valde
1219 1430 1428 1468 diminutas

33 1499 208 1548 pecunias
224 1514 234 1546 3
263 1499 387 1549 sigilla
401 1504 531 1536 tamen
551 1500 686 1537 ianuae
701 1500 805 1537 salva
820 1504 940 1545 erant,
958 1504 998 1536 et
1017 1499 1232 1536 aedificium
1247 1499 1426 1537 clausum.

34 1568 177 1604 [terum
197 1572 324 1605 autem
344 1573 382 1605 et
407 1568 522 1606 tertio
542 1569 725 1618 aperiens,
746 1569 872 1605 minus
900 1568 1081 1617 pecuniae
1100 1568 1141 1605 in
1160 1567 1240 1605 dies
1268 1567 1425 1604 invenit.

33 1636 167 1684 Itaque
195 1636 266 1673 hoc
294 1636 408 1674 fecit:
436 1636 591 1686 laqueos
620 1636 750 1674 statim
777 1637 940 1686 paravit,
970 1650 1108 1686 eosque
1138 1637 1235 1674 circa
1262 1650 1364 1683 vasa,
1388 1637 1427 1674 in

33 1703 169 1752 quibus
206 1704 329 1742 inerat
364 1705 534 1754 pecunia,
574 1704 782 1742 collocavit.
839 1704 1040 1742 Venerunt
1075 1709 1119 1742 ut
1154 1709 1268 1743 antea
1302 1705 1405 1742 fures
1415 1721 1428 1754 ;

32 1773 138 1818 alter,
159 1773 207 1810 ad
226 1786 293 1810 vas
312 1773 503 1819 accedens,
525 1773 704 1810 continuo
724 1777 855 1822 captus
875 1778 933 1810 est
951 1773 1105 1823 laqueis.

446 1899 484 1937 A
502 1900 608 1950 plan
630 1907 667 1938 to
687 1900 815 1938 avoid
830 1900 1031 1939 defection.

87 1982 349 2021 98.—Frater
375 1996 465 2020 vero
494 1989 606 2033 caput
638 1985 765 2022 fratris
798 1984 970 2031 abscidit,
999 1986 1253 2036 adaptatoque
1286 1988 1423 2025 iterum

36 2047 159 2096 lapide
186 2048 341 2086 domum
361 2050 466 2095 abiit,
488 2055 601 2099 caput
619 2064 744 2088 secum
762 2051 894 2090 ferens.
950 2052 1066 2090 Mane
1086 2053 1275 2102 ingressus
1296 2067 1365 2091 rex
1383 2055 1422 2091 in

36 2114 246 2152 aedificium
286 2117 493 2165 obstupuit,
531 2122 728 2166 conspecto
767 2131 920 2167 corpore
956 2119 1049 2156 furis
1093 2120 1133 2156 in
1168 2120 1303 2169 laqueo
1341 2134 1424 2158 con-

35 2181 180 2219 stricti:
215 2182 371 2220 videbat
398 2184 498 2220 enim
520 2183 691 2221 illaesum
711 2185 932 2231 aedificium,
952 2186 1172 2236 nullumque
1190 2188 1252 2224 vel
1278 2188 1423 2224 exitum

35 2247 94 2284 vel
128 2248 337 2287 introitum.
392 2250 527 2299 Itaque
554 2250 711 2288 haerens
738 2252 863 2289 animo
882 2252 952 2290 hoc
978 2253 1077 2290 fecit.
1132 2253 1305 2291 Cadaver
1330 2254 1424 2292 furis

28 2327 76 2351 ex
99 2327 207 2352 muro
227 2316 435 2363 suspendit,
455 2321 493 2353 et
512 2317 685 2354 custodes
705 2318 911 2356 collocavit.
