1591 2492
125 71 170 105 62
517 71 649 108 EASY
676 70 842 108 LATIN
870 72 1104 109 STORIES.
1313 71 1432 122 [PART
1450 85 1499 111 1v.

123 183 234 221 misit.
290 183 428 222 Darius
447 188 574 222 autem
589 189 700 234 caput
717 185 839 222 lotum
857 189 895 222 et
912 185 1008 222 bene
1028 189 1198 223 curatum
1217 186 1365 236 sepeliri
1383 187 1501 234 iussit,

126 254 166 287 ut
183 250 256 287 viri
274 249 321 288 de
349 264 387 288 se
405 252 593 300 praeclare
611 252 746 289 meriti.
794 251 877 289 Hoc
904 252 1020 301 igitur
1037 253 1115 290 fato
1143 253 1335 291 Histiaeus
1353 253 1503 291 functus

123 321 188 354 est.

394 457 677 493 XV.—THE
709 458 944 494 BATTLE
974 459 1053 496 OF
1084 459 1257 496 LADE.

403 561 484 600 lee
505 561 817 601 determination
838 562 891 612 of
903 561 967 600 tlte
987 562 1226 613 z'nszcrgents.

176 662 489 701 180.—-Interim
505 662 552 700 ad
567 662 744 700 Miletum
758 662 890 712 ingens
902 667 940 700 et
958 663 1102 701 navalis
1117 668 1154 701 et
1168 664 1342 713 pedester
1356 677 1502 715 exspec-

122 729 274 767 tabatur
292 730 489 768 exercitus.
544 729 646 767 Nam
664 730 864 767 Persarum
883 730 1006 777 duces,
1027 731 1163 768 iunctis
1182 731 1308 781 copiis,
1324 732 1503 770 adversus

120 797 297 834 Miletum
310 797 651 845 proficiscebantur.
699 797 832 846 Itaque
847 797 957 835 Iones
973 798 1096 847 copias
1112 799 1342 836 conscribere
1360 800 1502 849 incepe-

121 868 219 901 runt.
274 863 491 901 Convocato
510 864 666 901 concilio
694 864 835 913 placuit
862 877 909 902 ne
928 865 1011 914 quis
1030 864 1204 914 pedester
1222 866 1417 914 exercitus,
1437 867 1502 915 qui

120 935 372 980 opponeretur
400 931 536 978 Persis,
556 936 761 981 cogeretur,
782 931 847 968 sed
866 936 909 969 ut
927 945 1053 969 muros
1081 931 1327 970 defenderent
1344 933 1416 983 ipsi
1434 947 1500 983 per

118 1011 157 1035 se
174 997 314 1034 Milesii
332 1012 339 1035 :
368 997 494 1034 elassis
512 1002 639 1034 autem
657 997 769 1034 rebus
788 998 961 1035 omnibus
980 998 1239 1045 instrueretur,
1259 1003 1371 1048 atque
1389 1012 1502 1049 quam

118 1064 281 1114 primum
308 1063 356 1102 ad
383 1064 513 1102 Laden
541 1069 759 1111 occurreret,
790 1068 829 1102 et
847 1078 973 1115 pugna
999 1066 1124 1103 navali
1151 1066 1376 1104 decerneret.
1433 1069 1502 1104 Est

118 1136 243 1169 autem
270 1131 373 1169 Lade
400 1145 517 1181 parva
543 1132 675 1179 insula,
704 1131 806 1169 haud
833 1133 962 1182 procul
989 1134 1037 1170 ab
1064 1134 1155 1171 urbe
1182 1133 1325 1172 Mileto.
1381 1134 1501 1171 Erant

118 1204 245 1238 autem
280 1200 436 1237 Ionibus
472 1201 643 1238 triremes
679 1204 868 1238 trecentae
904 1201 1178 1252 quinquaginta
1213 1206 1298 1239 tres.
1373 1201 1500 1239 Naves

117 1281 216 1314 vero,
237 1281 329 1317 quas
346 1268 497 1305 barbari
515 1268 718 1315 habebant,
738 1274 845 1306 erant
865 1274 1071 1306 sexcentae.

565 1392 603 1430 T
599 1392 648 1430 lle
665 1392 796 1442 speech
815 1393 866 1442 of
879 1392 1113 1442 Dionysius.

171 1475 469 1516 l8l.—Deinde
488 1489 588 1522 vero,
610 1476 675 1513 ubi
694 1476 733 1512 in
753 1475 855 1513 Lade
878 1476 1000 1512 insula
1019 1476 1129 1513 Iones
1149 1488 1364 1522 convenere,
1386 1476 1502 1514 conci-

118 1557 206 1582 ones
217 1543 369 1581 habitae
382 1546 480 1588 sunt,
498 1547 536 1580 et
551 1556 667 1592 quum
680 1543 743 1580 alii
756 1543 855 1592 apud
869 1556 931 1579 eos
944 1543 1059 1580 verba
1070 1543 1253 1589 fecissent,
1268 1547 1350 1580 tum
1362 1543 1503 1592 Diony-

118 1612 203 1658 sius,
225 1623 323 1648 unus
342 1623 362 1647 e
381 1610 549 1656 ducibus,
580 1611 634 1647 ita
652 1610 798 1647 locutus
826 1614 883 1647 est
901 1626 908 1647 z
939 1610 1074 1646 ‘Nunc
1099 1622 1215 1658 quum
1234 1609 1273 1646 in
1300 1610 1503 1647 novaculae

117 1679 194 1717 acie
222 1679 298 1716 sint
324 1691 384 1715 res
411 1682 572 1724 nostrae,
601 1682 730 1714 utrum
758 1677 865 1714 liberi
902 1677 1027 1724 simus,
1058 1689 1105 1713 an
1133 1676 1230 1713 servi
1245 1691 1256 1724 3
1292 1676 1323 1714 si
1351 1676 1503 1725 quidem

121 1746 313 1784 volueritis
340 1746 487 1783 labores
507 1745 703 1794 suscipere,
725 1745 796 1782 erit
815 1744 855 1781 id
875 1744 1028 1794 quidem
1047 1757 1146 1781 nunc
1164 1745 1271 1782 vobis
1290 1744 1501 1792 molestum,

120 1814 184 1851 sed
203 1814 376 1863 poteritis
395 1826 474 1850 esse
494 1813 604 1850 liberi
618 1813 791 1850 hostibus
811 1812 994 1862 superatis
1010 1827 1017 1849 :
1043 1812 1113 1858 sin,
1133 1811 1332 1861 disciplina
1349 1812 1505 1850 militari

119 1881 342 1926 intermissa,
381 1894 449 1918 vos
485 1880 562 1918 otio
604 1880 796 1927 dederitis,
835 1880 979 1917 nullam
1019 1879 1194 1928 equidem
1229 1892 1334 1928 spem
1371 1879 1502 1926 habeo,

119 1962 279 1998 poenam
298 1948 518 1986 defectionis
538 1948 700 1997 effugere
727 1960 794 1985 vos
823 1960 940 1996 posse.
997 1946 1073 1984 Sed
1092 1959 1152 1983 me
1179 1946 1318 1993 audite,
1337 1946 1504 1995 mihique

120 2030 185 2054 vos
214 2016 423 2066 permittite
439 2031 449 2062 3
477 2020 515 2052 et
543 2016 650 2053 vobis
682 2028 751 2064 ego
783 2015 962 2063 polliceor
996 2014 1123 2051 hostes
1159 2026 1335 2062 magnam
1361 2013 1506 2050 cladem

120 2086 357 2133 accepturos)

501 2183 847 2233 Dissatz'sfactz'on
871 2184 913 2222 in
937 2182 1116 2234 tlzeflcet.

176 2268 402 2309 182.—His
422 2268 572 2314 auditis,
592 2268 776 2317 Dionysio
804 2281 843 2305 se
870 2268 1121 2317 permiserunt
1143 2267 1264 2304 Iones.
1320 2267 1418 2304 Tum
1444 2266 1507 2303 ille

122 2337 301 2387 quotidie,
314 2337 474 2374 navibus
489 2336 601 2384 longo
616 2335 747 2372 ordine
759 2334 914 2380 eductis,
928 2338 1128 2382 postquam
1142 2333 1300 2382 remiges
1315 2333 1355 2369 in
1369 2332 1507 2369 discur-

1583 0 1591 45 l
