1591 2492
82 70 183 96 PART
202 59 269 110 1v.]
336 61 451 96 THE
480 61 612 96 LAST
642 61 777 97 DAYS
807 62 876 98 OF
905 62 1217 97 MILTIADES.
1424 72 1467 108 71

317 205 399 244 lee
417 207 618 245 Persz'cms
636 213 806 257 attempt
820 213 859 246 to
877 206 1060 257 surprise
1078 207 1246 246 Atheus.

131 295 467 344 204.-Reliquis
495 300 622 332 autem
649 295 810 332 navibus
828 295 981 332 barbari
999 294 1159 332 Sunium
1178 294 1469 344 circumnaviga-

79 366 179 408 runt,
193 361 240 399 ad
259 362 392 399 urbem
409 361 606 411 pervenire
626 360 822 399 studentes
840 361 944 411 prius
963 374 1077 410 quam
1095 360 1297 398 rediissent
1311 360 1469 398 Atheni-

79 440 195 466 enses.
251 428 306 465 At
330 427 423 465 dum
451 427 611 465 Sunium
629 427 812 478 navigant
836 427 984 474 Persae,
1004 426 1269 473 Athenienses,
1285 431 1469 476 quantum

79 493 239 543 pedibus
257 494 408 531 valuere
423 494 463 531 in
481 495 614 531 urbem
632 498 734 531 retro
754 497 957 540 currentes,
973 493 1077 542 prius
1092 493 1231 530 affuere
1250 505 1363 542 quam
1381 492 1469 530 Per-

79 573 140 597 sae
158 565 355 598 venerunt.
410 560 569 598 Barbari
588 573 690 607 vero,
705 564 907 609 postquam
925 572 1041 597 naves
1060 563 1147 596 ante
1167 558 1383 605 Phalerum,
1404 559 1469 608 qui

78 631 209 676 portus
224 631 305 664 erat
323 627 626 673 Atheniensium,
647 627 687 664 in
705 626 800 663 mari
820 625 1052 675 aliquamdiu
1067 625 1290 671 tenuissent,
1310 629 1411 662 retro
1430 626 1469 661 in

77 694 211 731 Asiam
246 694 483 744 navigarunt.
557 694 618 731 Ita
662 694 800 731 iterum
847 693 995 731 barbari
1032 692 1203 729 frustrati
1239 696 1338 738 sunt,
1376 691 1468 728 dum

79 760 236 797 Graecia
254 761 369 809 potiri
389 764 582 798 conantur.

162 915 497 953 XVII.—THE
528 916 674 952 LAST
706 915 863 952 DAYS
893 916 973 953 OF
1005 915 1362 953 MILTIADES.

493 1030 715 1069 Miltiades
734 1030 894 1069 attacks
915 1030 1060 1069 Paros.

128 1117 386 1156 205.—P0st
413 1116 558 1154 cladem
582 1117 707 1154 Persis
726 1117 774 1154 ad
794 1116 1061 1154 Marathonem
1090 1116 1234 1154 illatam
1261 1117 1467 1164 Miltiades,

77 1196 193 1232 quum
206 1184 282 1221 iam
301 1184 427 1234 magni
447 1184 667 1221 aestimatus
682 1188 780 1221 esset
795 1184 896 1233 apud
914 1183 1180 1231 Athenienses,
1197 1184 1337 1222 maiore
1352 1185 1467 1221 etiam

77 1252 149 1288 fuit
162 1252 396 1289 auctoritate.
444 1251 591 1300 Itaque,
608 1265 724 1301 quum
738 1251 910 1301 petiisset
924 1251 1166 1301 septuaginta
1180 1264 1295 1288 naves
1311 1256 1349 1288 et
1364 1264 1467 1288 exer-

77 1319 204 1365 citum,
224 1319 396 1368 quamvis
415 1319 534 1373 nollet
561 1319 684 1356 dicere
710 1324 841 1356 contra
860 1332 973 1368 quam
992 1324 1134 1356 terram
1152 1319 1337 1357 ducturus
1356 1324 1466 1366 esset,

77 1384 219 1421 diceret
246 1387 386 1427 tamen,
418 1387 426 1403 ¹
442 1383 655 1422 ditaturum
684 1398 723 1422 se
751 1398 826 1431 eos,
857 1384 888 1423 si
920 1387 1191 1436 sequerenturss
1211 1386 1467 1424 Athenienses

77 1462 142 1498 spe
161 1450 275 1487 erecti
292 1450 496 1487 instructas
515 1451 550 1488 ei
571 1464 686 1489 naves
713 1452 911 1492 dederunt.
967 1454 1066 1491 Tum
1092 1453 1288 1491 Miltiades
1315 1460 1467 1502 accepto

78 1520 245 1556 exercitu
264 1519 390 1557 Paron
408 1521 604 1570 navigavit
609 1536 620 1569 3
639 1521 808 1559 infensus
823 1523 926 1560 enim
942 1528 1022 1560 erat
1037 1523 1158 1561 Pariis
1173 1524 1222 1561 ob
1236 1523 1468 1572 Lysagoram

77 1586 279 1636 quendam,
299 1587 364 1636 qui
383 1600 469 1624 eum
488 1588 579 1625 olim
598 1595 846 1628 accusaverat.
903 1591 1029 1638 Quum
1048 1591 1095 1628 ad
1123 1591 1287 1628 insulam
1313 1604 1468 1640 pervcn-

77 1654 179 1699 isset,
209 1654 340 1691 Parios
367 1655 469 1692 intra
495 1657 645 1694 moenia
672 1657 842 1706 repulsos
869 1658 1040 1696 obsedit:
1069 1659 1257 1708 missoque
1284 1671 1467 1708 praecone

78 1722 117 1758 in
135 1721 268 1758 urbem
287 1726 438 1759 centum
456 1724 664 1771 postulavit
696 1725 851 1772 talenta,
871 1725 1009 1773 dicens,
1032 1726 1126 1763 ‘nisi
1153 1739 1197 1764 ea
1224 1727 1296 1764 sibi
1320 1726 1466 1772 darent,

78 1801 155 1825 non
170 1801 208 1825 se
223 1788 476 1827 abducturum
490 1792 709 1839 exercitum,
725 1792 845 1830 donec
859 1793 898 1830 vi
917 1794 1076 1843 cepisset
1090 1794 1244 1831 urbem.’
1298 1794 1353 1830 At
1365 1793 1468 1830 Parii

78 1857 253 1894 omnibus
272 1857 394 1894 modis
414 1871 566 1907 operam
585 1859 741 1907 dabant,
760 1865 804 1897 ut
822 1861 955 1899 urbem
974 1861 1232 1899 defenderent.
1289 1862 1410 1909 Quem
1428 1862 1467 1898 in

78 1923 192 1959 finem
220 1929 258 1960 et
286 1924 359 1961 alia
386 1926 666 1975 excogitabant,
695 1932 744 1974 et,
769 1928 983 1977 ubicunque
1007 1941 1094 1978 pars
1121 1929 1221 1966 muri
1247 1933 1467 1979 expugnatu

79 1989 223 2027 facilior
250 1989 454 2039 videretur,
470 1993 524 2030 ibi
543 2006 626 2031 eam
644 1998 758 2032 noctu
778 1994 895 2044 duplo
914 1996 1100 2043 altiorem,
1120 2008 1233 2045 quam
1252 1997 1355 2046 prius
1374 2001 1466 2043 erat,

79 2056 340 2095 aedificabant.

465 2175 536 2214 He
553 2182 674 2215 meets
694 2177 798 2216 willa
817 2191 871 2217 an
892 2179 1078 2219 accident.

131 2249 464 2290 206.—Narrant
486 2256 625 2299 autem,
645 2253 826 2301 Miltiadi,
846 2255 893 2292 de
912 2255 1053 2305 incepti
1080 2257 1186 2295 exitu
1207 2256 1412 2303 dubitanti,
1432 2257 1470 2294 in

80 2316 307 2365 colloquium
326 2319 473 2355 venisse
493 2319 689 2357 mulierem
710 2322 908 2368 captivam,
929 2324 987 2359 cui
1006 2336 1144 2361 nomen
1161 2323 1282 2370 Timo,
1303 2337 1472 2373 quaeque
