1591 2492
123 75 170 123 38
519 76 651 114 EASY
679 77 846 114 LATIN
874 79 1107 117 STORIES.
1314 78 1431 130 [PART
1449 93 1507 120 111.

121 190 198 227 filia
217 193 308 236 erat,
329 189 418 239 quia
435 189 546 227 valde
565 189 719 228 dolebat
741 192 790 229 ob
808 196 959 241 turpem
986 193 1085 231 filiae
1103 193 1276 241 formam,
1295 194 1372 233 tale
1398 195 1510 234 inivit

121 257 328 295 consilium.
385 257 564 304 Quotidie
582 259 757 308 gestabat
775 272 858 297 eam
882 260 922 297 in
941 260 1110 298 Helenae
1128 262 1335 311 templum:
1363 264 1510 312 quoties

120 329 247 363 autem
266 338 309 362 eo
334 329 530 375 gestasset,
550 327 743 364 statuebat
770 331 858 364 ante
885 327 978 365 deae
1005 328 1256 376 simulacrum,
1277 330 1509 380 supplexque

120 392 231 430 deam
267 392 321 429 ita
357 392 643 441 alloquebatur:
689 397 698 414 ‘
712 393 745 431 O
782 394 864 440 dea,
897 394 1138 432 deformitate
1173 396 1339 445 puellam
1378 397 1505 436 libera.

119 460 179 497 Ne
211 464 291 497 tam
321 464 472 508 turpem
503 460 664 498 formam
695 474 805 510 passa
841 461 914 499 sis.'
980 462 1063 500 Iam
1098 462 1160 500 die
1189 463 1364 512 quodam,
1393 478 1509 514 quum

120 528 261 577 templo
281 527 524 577 egrederetur
550 529 692 575 nutrix,
713 530 930 578 apparuisse
949 530 983 567 ei
1005 529 1144 567 dicitur
1161 531 1307 578 mulier,
1326 545 1508 581 quaerens

121 609 169 633 ex
197 608 263 633 ea:
307 594 430 641 ‘Quid
458 595 498 632 in
529 595 620 633 ulna
650 597 818 646 gestas‘l'
885 597 957 634 Oui
989 610 1105 646 quum
1140 598 1206 635 illa
1240 599 1507 648 respondisset,

122 663 315 701 ‘Puellam
346 662 476 713 gest0,'
513 663 614 701 dixit
642 664 789 711 mulier,
819 665 941 701 ‘Mihi
972 665 1138 714 puellam
1172 668 1365 704 monstra.'
1436 667 1508 704 Ne-

121 731 229 781 ganti
248 731 398 777 nutrici,
420 730 647 781 dicentique,
673 732 788 769 ‘Tam
816 732 938 781 turpis
972 736 1040 778 est,
1060 737 1104 769 ut
1130 733 1274 769 nemini
1299 738 1508 771 monstrare

120 799 258 847 velim,’
277 799 419 837 institit
438 799 574 836 mulier
598 799 789 847 dictitans,
815 799 934 836 ‘Mihi
960 799 1125 848 puellam
1152 802 1343 838 monstra.'
1396 800 1508 838 Deni—

121 880 193 917 que
221 867 389 905 ostendit
415 868 557 906 nutrix.
612 867 753 904 Mulier
775 871 912 915 autem,
933 871 1035 904 tacto
1062 867 1208 916 puellae
1236 868 1367 917 capite,
1397 868 1506 916 dixit,

124 932 303 970 ‘Formae
325 934 559 982 praestantia
587 932 780 982 superabit
808 933 900 969 haec
919 932 1125 981 Spartanas
1153 946 1283 970 omnes
1310 934 1508 973 muheres’

123 1000 248 1049 Atque
268 1000 356 1038 inde
375 1001 423 1039 ab
441 1001 507 1038 illo
526 1001 608 1050 ipso
628 1000 701 1048 die,
722 1001 843 1037 forma
862 1000 1008 1049 puellae
1026 1005 1174 1037 mutata
1192 1006 1258 1038 est.

470 1165 706 1202 V.—THE
736 1164 914 1201 SPICE
945 1165 1164 1201 TRADE.

536 1256 840 1295 Frankz'ncense
857 1255 947 1293 and
961 1255 1104 1294 cassia.

179 1343 517 1382 122.—Extrema
530 1341 787 1379 habitatarum
801 1340 998 1389 regionum
1012 1339 1156 1376 Arabia
1170 1344 1237 1378 est.
1280 1340 1328 1377 In
1339 1340 1408 1378 hac
1420 1353 1509 1378 vero

124 1424 200 1449 una
218 1411 387 1448 omnium
408 1410 604 1459 regionum
622 1414 684 1446 tus
702 1408 879 1454 nascitur,
901 1411 939 1444 et
957 1406 1122 1455 myrrha,
1145 1411 1184 1444 et
1203 1407 1310 1455 casia,
1331 1412 1369 1444 et
1388 1408 1510 1445 cinna-

124 1490 302 1515 momum.
357 1477 462 1514 Haec
493 1476 647 1526 quidem
674 1475 810 1522 omnia,
839 1474 1034 1523 myrrham
1065 1474 1097 1510 si
1124 1474 1298 1523 excipias,
1326 1487 1403 1511 non
1430 1476 1510 1512 sine

125 1545 252 1582 labore
300 1545 567 1582 nanciscuntur
610 1543 765 1580 Arabes.
847 1541 924 1578 Tus
971 1541 1124 1590 quidem
1169 1541 1351 1591 colligunt
1394 1555 1510 1591 quum

127 1616 312 1661 styracem
331 1611 568 1659 adoluerunt,
585 1611 649 1660 qui
677 1611 716 1647 in
744 1609 941 1647 Graeciam
960 1622 981 1646 a
1000 1608 1253 1646 Phoenicibus
1271 1609 1507 1658 importatur.

127 1678 282 1727 Styrace
334 1678 485 1715 incenso
538 1682 600 1714 tus
653 1676 943 1723 nanciscuntur3
996 1675 1147 1712 arbores
1192 1675 1293 1712 enim
1336 1675 1510 1713 turiferas

126 1744 346 1783 custodiunt
389 1744 480 1782 alati
524 1748 727 1794 serpentes,
765 1744 902 1793 exiguo
938 1755 1102 1792 corpore,
1139 1743 1333 1792 variegata
1376 1744 1506 1792 specie,

126 1812 273 1862 ingenti
299 1825 455 1850 numero
483 1812 655 1850 arborem
682 1824 869 1861 quamque
897 1810 1221 1848 circumsedentes.
1277 1809 1394 1847 Nulla
1420 1823 1510 1847 vero

127 1880 201 1917 alia
218 1893 258 1917 re
276 1879 350 1917 nisi
375 1879 531 1928 styracis
557 1879 672 1928 fumo,
700 1879 742 1916 hi
769 1879 817 1916 ab
844 1878 1040 1916 arboribus
1066 1877 1141 1915 illis
1168 1877 1383 1926 abiguntur.
1437 1877 1511 1914 Dei

127 1952 255 1985 autem
289 1947 532 1997 providentia
566 1960 653 1984 vere
690 1951 747 1984 est
783 1946 940 1995 sapiens.
1001 1948 1112 1992 Nam,
1150 1949 1189 1982 et
1224 1957 1319 1993 quae
1354 1943 1510 1982 timidae

127 2014 265 2052 indolis
284 2019 372 2052 sunt
391 2014 577 2062 animalia,
599 2019 637 2051 et
656 2027 751 2063 quae
778 2013 979 2059 esculenta,
1001 2025 1044 2049 ea
1071 2012 1197 2049 omnia
1222 2010 1384 2048 fecunda
1409 2012 1508 2059 fecit,

127 2094 174 2119 ne
197 2095 316 2131 genus
343 2095 473 2119 eorum
503 2082 665 2119 intereat
677 2096 688 2128 3
723 2094 818 2130 quae
845 2093 935 2118 vero
961 2093 1078 2129 prava
1104 2083 1143 2116 et
1169 2078 1347 2126 malefica,
1376 2091 1511 2128 parum

127 2149 296 2187 secunda.
351 2149 429 2186 Tus
464 2149 581 2199 igitur
604 2149 677 2186 ista
711 2148 857 2186 ratione
883 2147 1030 2185 Arabes
1056 2147 1346 2184 nanciscuntur:
1373 2147 1510 2183 casiam

126 2230 214 2255 vero
232 2217 304 2254 hoc
321 2216 445 2255 modo.
501 2216 598 2254 Toto
626 2229 779 2266 corpore
807 2220 920 2265 atque
947 2215 1051 2263 facie,
1071 2214 1160 2251 solis
1187 2213 1303 2250 oculis
1330 2213 1508 2262 exceptis,

126 2284 276 2322 bubulis
303 2284 433 2322 aliisve
452 2284 561 2322 coriis
587 2284 690 2331 tecti,
709 2287 851 2321 exeunt
868 2287 912 2319 ut
933 2282 1070 2320 casiam
1088 2280 1277 2330 colligant.
1332 2279 1511 2317 Nascitur

124 2352 214 2391 haec
242 2357 369 2390 autem
396 2352 435 2389 in
464 2351 602 2402 palude
633 2364 710 2389 non
746 2350 951 2389 admodum
983 2349 1070 2395 alta,
1103 2349 1199 2386 circa
1230 2360 1344 2398 quam
1374 2347 1511 2385 vivunt
