1591 2492
108 85 157 128 64
500 78 632 115 EASY
659 77 824 113 LATIN
853 74 1087 113 STORIES.
1292 69 1414 121 [mur
1432 80 1482 108 ιν.
1528 70 1532 73 “

108 144 1478 165 .....-—-—--————————————————-—-—--

493 258 576 297 The
586 257 814 308 predictz'on
834 256 888 306 of
899 255 965 293 tlce
981 253 1118 293 oracle.

160 345 437 394 185.-—Quum
466 343 567 382 enim
584 342 720 392 Argivi
737 340 978 390 Delphorum·
991 338 1183 376 oraculum
1205 337 1252 374 de
1277 349 1364 374 suae
1386 335 1488 373 urbis

104 414 223 453 salute
243 413 524 459 consuluissent,
538 410 612 448 alia
626 410 674 448 de
688 410 855 461 Argivis,
869 410 943 448 alia
958 409 1005 447 de
1020 408 1181 446 Milesiis
1196 407 1318 446 edidit
1331 407 1485 457 Pythia.

104 481 207 528 Quae
226 494 314 519 vero
333 480 380 518 ad
399 479 575 517 Miletum
594 479 818 525 attinebant,
839 478 972 515 haecce
991 482 1098 515 erant
1112 493 1172 516 :—

328 556 411 584 Tunc
425 563 553 592 quoque,
573 554 772 583 commenti-ix
787 561 912 590 operum
927 553 1034 581 Milete
1047 553 1207 589 malorum,

329 601 492 630 Permultis
507 609 599 628 coena
613 602 643 628 et
656 599 846 636 praestantia
858 607 984 627 munera
999 598 1062 634 fies,

329 647 514 683 Crinitisque
528 646 620 683 pedes
635 647 690 673 tua
703 645 843 681 pluribus
857 644 964 673 abluet
977 653 1055 673 uxor
1066 653 1073 680 ;

328 692 447 730 Templi
461 692 528 720 aliis
541 691 638 720 nostri
652 691 684 719 in
699 691 840 727 Didymis
854 699 908 718 sua
922 698 994 718 cura
1007 689 1151 718 manebit.

155 772 260 809 Tune
287 770 402 820 igitur
432 770 522 807 haec
553 769 712 806 Milesiis
739 767 964 815 acciderunt,
995 767 1145 817 quando
1174 766 1340 804 virorum
1366 765 1485 803 maior

105 852 190 888 pars
218 838 414 875 interfecta
431 842 488 874 est
515 850 537 874 a
563 836 687 874 Persis
706 836 836 885 longos
857 835 1008 884 capillos
1028 835 1224 881 alentibus,
1246 838 1284 871 et
1302 833 1486 883 templum

105 907 145 944 in
163 903 343 954 Didymis
361 901 615 951 exspoliatum
634 902 719 952 igne
739 906 1019 939 concrematum
1039 905 1106 938 est.

536 1029 574 1066 A
602 1036 662 1068 too
681 1028 877 1080 affectz'ng
893 1029 1053 1069 drama.

161 1114 564 1154 186.—-Athenienses
583 1118 710 1151 autem
728 1118 766 1151 et
785 1114 866 1151 aliis
885 1115 1014 1152 multis
1033 1115 1154 1153 modis
1166 1120 1483 1163 monstraverunt,

106 1186 289 1231 quantum
317 1195 360 1219 ea
386 1182 511 1219 Mileti
538 1182 817 1232 expugnatione
845 1182 988 1220 luctum
1015 1185 1272 1233 perceperint3
1300 1189 1348 1232 et,
1370 1197 1487 1234 quum

105 1249 354 1299 Phrynichus,
375 1255 487 1299 poeta
510 1250 733 1299 praeclarus,
755 1250 885 1287 drama
912 1251 1120 1301 scripsisset
1147 1252 1418 1302 docuissetque,
1439 1252 1486 1290 de

104 1317 228 1355 Mileti
247 1318 535 1367 expugnatione,
558 1319 596 1355 in
623 1318 794 1356 lacrimas
815 1324 1018 1368 eruperunt
1037 1333 1165 1357 omnes
1189 1324 1427 1369 spectatores,
1448 1325 1487 1358 et

106 1384 208 1422 mille
227 1384 412 1422 drachmis
439 1385 622 1423 multatus
654 1391 860 1436 estpoeta,
895 1387 996 1436 quod
1024 1386 1314 1424 domesticarum
1342 1387 1486 1425 calami—

107 1455 229 1489 tatum
241 1453 471 1490 mentionem
485 1453 633 1490 fecisset
644 1469 655 1501 3
683 1459 720 1491 et
735 1455 816 1504 lege
831 1455 1063 1505 prohibitum
1079 1460 1145 1502 est,
1163 1467 1210 1492 ne
1225 1455 1307 1504 quis
1327 1455 1486 1505 amplius

109 1518 179 1556 hoc
198 1519 368 1558 dramate
386 1525 565 1558 uteretur.

242 1653 414 1692 Fazlure
430 1654 483 1704 of
494 1654 754 1693 Mardom‘us'
776 1655 997 1705 expedition
1018 1655 1188 1706 against
1210 1655 1356 1695 Greece.

160 1738 450 1778 187.—Darius
469 1740 517 1777 ob
535 1740 704 1777 incensas
730 1741 866 1778 Sardes
890 1754 1050 1790 poenam
1069 1740 1115 1778 de
1134 1741 1430 1778 Atheniensibus
1449 1745 1487 1778 et

104 1805 382 1844 Eretriensibus
398 1820 542 1844 sumere
555 1808 759 1846 constituit.
816 1809 966 1858 Magnis
981 1808 1097 1858 igitur
1115 1808 1229 1858 copiis
1243 1807 1486 1846 Mardonium

102 1873 290 1922 praefecit.
346 1874 420 1912 Hic
444 1887 579 1912 navem
606 1875 685 1924 ipse
713 1875 939 1923 conscendit,
970 1880 1008 1913 et
1037 1889 1120 1913 cum
1147 1875 1300 1924 reliquis
1326 1875 1486 1912 navibus

101 1940 291 1989 profectus
319 1946 398 1979 est:
438 1941 650 1991 pedestrem
678 1956 766 1980 vero
799 1943 1005 1980 exercitum
1033 1943 1096 1980 alii
1124 1943 1236 1980 duces
1268 1942 1316 1980 ad
1343 1942 1487 1980 Helles-

100 2014 261 2057 pontum
299 2009 498 2047 duxerunt.
573 2010 744 2047 Primum
781 2010 938 2048 Thasios
976 2010 1090 2048 classe
1127 2011 1301 2060 aggressi,
1339 2011 1404 2060 qui
1439 2023 1486 2048 ne

100 2086 233 2112 manus
263 2075 416 2125 quidem
444 2080 575 2114 contra
605 2077 689 2114 illos
721 2077 962 2125 sustulerant,
993 2078 1064 2115 sibi
1104 2078 1363 2116 subiecerunt:
1403 2082 1486 2115 tum

99 2141 266 2191 pedestri
285 2144 452 2181 exercitu
470 2144 698 2182 Macedonas
725 2145 795 2182 sub
823 2145 952 2194 iugum
979 2145 1171 2184 miserunt.
1226 2145 1326 2183 Dein
1352 2145 1485 2183 Athon

99 2215 267 2248 montem
295 2211 454 2248 navibus
482 2211 709 2248 circumvehi
736 2212 992 2250 instituerunt.
1066 2212 1140 2250 Sed
1167 2213 1334 2250 maxima
1359 2217 1485 2250 coorta

99 2280 334 2326 tempestate,
373 2278 559 2315 maximus
595 2279 748 2315 navium
780 2291 957 2316 numerus
992 2279 1040 2316 ad
1076 2283 1244 2317 montem
1270 2279 1390 2317 illisus
1416 2284 1482 2318 est.

98 2344 220 2382 Aiunt
238 2350 424 2383 trecentas
442 2358 490 2382 ex
517 2346 676 2383 navibus
703 2346 867 2395 periisse,
889 2351 927 2383 et
946 2346 1142 2384 hominum
1170 2347 1330 2396 amplius
1348 2346 1484 2396 viginti
