1591 2492
141 79 188 115 74
530 68 659 104 EASY
688 68 854 104 LATIN
883 69 1116 106 STORIES.
1136 64 1139 65 ⁷
1331 70 1451 119 [PART
1470 81 1518 106 1v.

625 237 821 288 Turnz‘ng
838 238 902 276 tlte
922 238 1054 277 tables.

189 321 509 361 alh—Proinde
537 323 735 360 consilinm
758 328 938 373 ceperunt
961 323 1094 361 utendi
1121 324 1523 373 hostiumpraecone:

136 389 251 439 idque
270 389 325 427 ita
343 389 510 427 exsecuti
529 395 629 436 sunt,
649 395 703 437 ut,
724 390 871 439 quoties
898 390 1107 440 Spartanus
1131 404 1265 440 praeco
1285 391 1435 440 signum
1461 391 1524 429 ali-

137 456 238 506 quod
261 456 439 503 dedisset,
457 457 594 506 Argivi
621 457 737 494 etiam
755 457 795 495 id
813 458 938 507 ipsum
964 458 1141 496 facerent.
1197 458 1298 505 Quos
1326 459 1392 495 ubi
1419 458 1524 496 Cleo-

108 556 115 565 .
137 537 264 562 menes
279 524 456 575 cognovit
470 524 571 561 idem
586 525 752 573 exsequi,
768 524 870 574 quod
884 525 1001 574 ipsius
1015 538 1148 574 praeco
1164 525 1408 575 significasset
1420 540 1431 573 3
1458 525 1524 562 im-

138 596 245 641 perat
264 591 352 638 suis,
371 596 425 639 ut,
448 590 598 640 quando
617 591 768 640 prandii
787 592 936 641 signum
954 591 1134 629 edidisset
1151 605 1295 641 praeeo,
1311 597 1402 630 tunc
1421 605 1524 630 arma

137 663 325 709 caperent,
345 663 383 696 et
410 658 574 708 Argivos
602 658 850 697 adorirentur.
908 659 1018 706 Quod
1036 659 1206 697 fecerunt
1224 659 1520 697 Lacedaemonii.

136 726 248 774 Nam,
282 726 374 763 dum
405 726 540 776 Argivi
572 740 619 763 ex
655 727 848 776 praeconis
885 727 1042 776 imperio
1077 726 1279 776 prandium
1314 727 1522 776 capiebant,

136 795 261 833 subito
280 794 365 832 illos
384 794 520 842 adorti,
539 807 720 845 magnum
737 807 937 832 numerum
962 795 1241 841 interfecerunt,
1261 794 1354 832 alios
1372 794 1523 841 multos,

137 863 202 912 qui
220 862 260 899 in
278 862 374 912 Argi
392 862 518 899 lucum
537 862 795 912 confugerant,
815 862 1128 899 circumsedentes
1156 862 1209 899 ibi
1228 861 1522 899 custodiverunt.

681 1002 841 1041 Breken
853 1002 985 1052 fitilla.

188 1087 496 1126 ala—Deinde
511 1088 582 1125 hoc
597 1087 686 1125 fecit
701 1087 932 1125 Cleomenes.
973 1088 1098 1133 Quum
1117 1100 1136 1124 e
1156 1087 1361 1136 transfugis
1376 1087 1526 1135 quibus-

137 1154 225 1192 dam
244 1159 452 1204 cognosset,
468 1155 622 1204 quinam
641 1158 766 1192 essent
785 1167 833 1191 ex
850 1155 1005 1204 Argivis
1025 1155 1090 1203 qui
1108 1154 1148 1191 in
1167 1167 1270 1191 sacro
1289 1153 1372 1190 luco
1390 1153 1524 1191 inclusi

136 1227 273 1269 essent,
300 1222 414 1260 misso
451 1235 633 1272 praecone
670 1222 896 1259 nominatim
931 1222 1081 1259 vocavit
1118 1221 1295 1271 singulos,
1325 1222 1524 1267 affirmans,

139 1294 199 1327 ‘se
244 1290 411 1339 pretium
460 1290 732 1340 redemptionis
787 1290 939 1327 illorum
987 1289 1250 1339 accepturum.’
1330 1289 1525 1326 Statutum

138 1363 265 1395 autem
301 1358 401 1407 apud
447 1358 741 1407 Peloponnesios
786 1362 843 1395 est
887 1358 1052 1407 pretium
1096 1357 1377 1406 redemptionis,
1414 1357 1524 1394 binae

137 1425 261 1462 minae
293 1438 361 1474 pro
398 1425 555 1475 singulis
591 1426 750 1475 captivis
785 1425 1017 1475 pendendae.
1086 1424 1219 1473 Itaque
1252 1424 1526 1473 quinquaginta

138 1493 215 1530 fere
239 1493 471 1543 Argivorum
496 1498 648 1530 vocatos
676 1493 866 1530 interfecit
885 1493 1105 1530 Cleomenes
1118 1507 1128 1539 3
1156 1491 1257 1540 quod
1276 1491 1441 1540 reliquis,
1461 1491 1526 1540 qui

138 1562 178 1598 in
197 1561 280 1598 luco
299 1566 419 1608 erant,
439 1561 611 1611 ignotum
639 1566 741 1598 erat:
771 1573 886 1609 quum
914 1561 1015 1597 enim
1033 1572 1192 1609 magnus
1211 1564 1308 1596 esset
1325 1558 1441 1605 lucus,
1462 1558 1526 1607 qui

139 1629 242 1665 intus
269 1633 389 1675 erant,
418 1641 494 1665 non
522 1628 705 1665 videbant
737 1627 828 1677 quid
864 1628 1012 1665 faceret.
1085 1627 1282 1664 Postremo
1313 1639 1402 1663 vero
1429 1638 1526 1662 unus

140 1695 291 1733 illorum
327 1709 527 1733 conscensa
562 1696 694 1732 arbore
731 1694 828 1732 vidit
865 1694 955 1743 quid
991 1699 1184 1744 gereretur
1195 1708 1205 1740 3
1242 1698 1354 1742 atque
1390 1691 1526 1729 exinde

139 1776 216 1799 non
235 1763 395 1812 amplius
414 1762 704 1812 egrediebantur
722 1763 855 1799 vocati.

730 1908 946 1959 Sacm'lege.

191 1993 447 2033 Zia—Tum
460 2006 550 2031 vero
566 1994 787 2032 Cleomenes
801 1993 939 2030 hilotas
955 2006 1083 2030 omnes
1099 1993 1207 2030 iussit
1221 1992 1418 2029 materiem
1433 1992 1529 2031 circa

139 2061 266 2099 lucum
285 2075 483 2112 congerere
499 2077 507 2100 ε
526 2075 600 2111 quo
619 2062 719 2099 facto
734 2062 860 2098 lucum
878 2061 1056 2099 incendit.
1091 2060 1246 2109 Iamque
1265 2059 1358 2097 dum
1371 2059 1528 2097 ardebat

140 2129 258 2176 lucus,
308 2143 357 2167 ex
391 2130 590 2179 transfuga
629 2129 828 2178 quaesivit,
870 2129 951 2166 ‘cui
995 2129 1066 2166 deo
1111 2141 1214 2166 sacer
1258 2128 1364 2165 lucus
1407 2127 1527 2166 esset.'

140 2197 214 2243 Qui
245 2197 311 2235 ubi
341 2197 549 2247 respondit,
589 2197 705 2246 ‘Argi
733 2197 859 2234 lucum
896 2196 1013 2244 esse3'
1046 2196 1116 2233 hoc
1145 2195 1274 2233 audito
1294 2195 1526 2241 Cleomenes

141 2266 333 2316 ingentem
369 2265 483 2303 edens
510 2266 705 2315 gemitum,
739 2265 814 2302 ait:
857 2264 912 2302 ‘O
940 2264 1092 2301 fatidice
1119 2263 1269 2313 Apollo,
1298 2275 1527 2312 magnopere

141 2347 200 2370 me
219 2333 412 2382 decepisti,
432 2346 548 2381 quum
567 2346 626 2369 me
645 2333 769 2380 Argos
790 2336 987 2379 capturum
1010 2331 1162 2368 diceres.
1219 2330 1397 2377 Suspicor
1424 2329 1523 2365 enim
