1591 2492
96 93 197 119 PART
217 81 290 132 1v.]
353 83 470 118 THE
497 82 681 117 THIRD
711 80 972 116 INVASION
1004 80 1074 117 OF
1103 80 1331 116 GREECE.
1441 80 1484 115 81

92 210 291 235 numerum
303 197 465 246 populus
477 196 635 246 quisque
647 194 862 241 contulerit,
871 197 1043 230 accurate
1062 192 1185 230 dicere
1197 192 1340 230 nescio:
1368 206 1490 242 neque

92 265 194 303 enim
212 265 260 303 ab
278 264 356 302 ullo
383 264 538 302 homine
565 263 636 300 hoc
663 266 904 300 memoratur.
961 261 1152 298 Numerus
1172 265 1299 298 autem
1317 265 1490 310 repertus

92 338 150 371 est
176 333 248 371 hoc
266 333 390 370 modo.
447 332 494 369 In
526 345 645 369 unum
676 331 801 368 locum
833 334 1110 379 congregarunt
1129 328 1259 366 decem
1291 329 1489 366 hominum

92 400 220 447 millia,
240 400 374 449 hisque
394 400 525 449 (quam
552 398 738 436 artissime
766 397 847 434 fieri
874 397 1016 447 potuit)
1046 397 1279 446 constipabis,
1309 396 1489 433 circulum

93 472 286 505 extrorsus
313 466 670 505 circumduxerunt:
699 465 846 512 deinde,
869 465 1034 502 dimissis
1063 465 1122 502 his
1150 465 1280 502 decem
1307 464 1486 510 millibus,

93 549 244 573 murum
272 536 313 572 in
342 535 480 572 circulo
509 534 757 571 aedificarunt
783 547 827 571 ea
852 533 1067 579 altitudine,
1088 537 1133 570 ut
1159 532 1381 570 umbilicum
1409 536 1489 569 tan-

91 609 197 654 geret
224 603 398 642 hominis.
457 603 539 650 Quo
558 603 668 649 facto,
691 602 784 639 alios
812 602 913 638 intra
940 615 1093 638 murum
1107 601 1264 639 introire
1283 601 1486 647 iusserunt,

93 671 212 709 donec
231 671 401 709 omnium
419 683 618 708 numerum
638 670 708 706 hoc
727 669 841 706 modo
861 669 1098 718 reperissent.

618 811 701 850 lee
718 811 971 850 lmmorlals.

144 897 458 937 231.—Selectis
487 896 617 934 decem
646 897 814 934 millibus
843 897 1046 934 Persarum
1074 896 1241 946 praefuit
1270 896 1484 946 Hydarnes.

93 967 337 1004 Vocabantur
355 969 482 1003 autem
500 964 541 1001 hi
559 965 696 1002 Persae
722 964 973 1010 Immortales,
994 964 1065 1001 hac
1084 964 1131 1001 de
1154 977 1306 1002 caussa:
1335 965 1487 1014 quando

92 1049 141 1072 ex
159 1035 311 1072 illorum
338 1046 495 1071 numero
523 1033 659 1082 aliquis
687 1032 826 1070 defecit
853 1037 919 1070 aut
946 1038 1068 1070 morte
1087 1037 1153 1070 aut
1171 1033 1305 1070 morbo
1325 1038 1484 1082 coactus,

92 1103 186 1141 alius
201 1103 241 1140 in
260 1103 339 1140 eius
357 1102 482 1140 locum
500 1102 560 1139 vir
578 1101 826 1151 deligebatur,
843 1105 887 1138 ut
901 1114 1049 1150 semper
1063 1106 1188 1139 essent
1207 1102 1337 1139 decem
1355 1102 1484 1149 millia,

92 1183 160 1208 nec
187 1169 313 1219 plures
340 1182 409 1207 nec
435 1169 640 1218 pauciores,
697 1169 905 1218 Praecipuo
931 1172 1058 1205 autem
1090 1169 1190 1206 inter
1222 1182 1352 1206 omnes
1382 1169 1486 1206 cultu

92 1239 320 1286 eminebant,
342 1243 380 1275 et
398 1237 597 1274 fortissimi
616 1241 734 1275 erant.
791 1237 875 1284 His,
896 1237 1051 1274 seorsim
1080 1251 1101 1274 a
1129 1237 1262 1274 ceteris
1287 1237 1483 1285 militibus,

91 1307 223 1344 cameli
242 1311 281 1344 et
299 1307 469 1344 iumenta
489 1310 719 1343 commeatus
739 1306 940 1343 vehebant.

402 1449 441 1487 A
467 1449 671 1499 regimem
689 1448 838 1486 armed
853 1448 957 1486 willa
977 1448 1043 1487 tlze
1061 1449 1177 1487 lasso.

143 1534 426 1573 232.·—Erant
444 1548 556 1584 porro
584 1534 757 1572 homines
775 1534 968 1581 nomades,
989 1535 1154 1584 Sagartii
1175 1534 1372 1572 nominati.
1431 1534 1485 1572 Hi

89 1602 203 1638 armis
221 1614 297 1638 non
320 1606 495 1648 utuntur,
515 1603 747 1652 pugionibus
767 1602 946 1651 exceptis.
1007 1601 1181 1638 Utuntur
1199 1614 1290 1638 vero
1308 1602 1484 1641 funibus:

90 1670 226 1718 quibus
246 1670 375 1707 confisi
394 1671 433 1706 in
452 1670 595 1707 bellum
613 1670 910 1719 proficiscuntur.
968 1670 1038 1708 Est
1057 1674 1184 1708 autem
1203 1683 1351 1720 pugnae
1366 1683 1485 1720 genus

88 1737 225 1774 horum
239 1737 437 1775 hominum
448 1738 560 1775 huius
575 1738 679 1775 modi
695 1754 702 1776 ε
723 1738 875 1788 quando
888 1752 973 1776 cum
987 1739 1161 1776 hostibus
1176 1738 1482 1788 congrediuntur,

88 1804 292 1856 proiiciunt
310 1805 430 1852 funes,
452 1819 613 1855 quorum
631 1806 671 1843 in
686 1806 759 1843 fine
774 1810 863 1843 sunt
878 1806 1012 1856 laquei.
1070 1806 1266 1856 Quidquid
1280 1806 1486 1856 prehendit

89 1873 200 1920 funis,
222 1873 301 1910 sive
330 1886 448 1922 equus
480 1874 540 1918 sit,
562 1873 640 1911 sive
672 1874 796 1922 homo,
819 1873 858 1911 id
892 1874 939 1912 ad
973 1888 1010 1911 se
1043 1874 1162 1912 trahit
1190 1887 1326 1923 eques:
1355 1879 1393 1911 et
1421 1875 1484 1912 ille

90 1940 223 1989 laqueo
242 1940 456 1990 implicatus
475 1942 708 1979 interficitur.

513 2076 596 2114 Tlae
604 2076 834 2127 prediction
855 2078 907 2126 of
919 2077 1074 2127 Apollo.

142 2161 334 2201 233.—T
336 2175 401 2199 um
416 2162 563 2200 Xerxes
581 2163 621 2199 in
641 2162 839 2200 Graeciam
857 2164 1047 2212 profectus
1062 2168 1128 2202 est.
1177 2164 1303 2211 Quum
1323 2164 1484 2202 audivis-

92 2234 176 2267 sent
193 2229 446 2268 Athenienses
465 2231 768 2280 appropinquare
782 2231 927 2278 Persas,
948 2232 1093 2282 legatos
1111 2233 1296 2270 miserunt
1315 2232 1485 2282 Delphos

91 2299 140 2337 ad
168 2299 360 2337 oraculum
379 2299 661 2337 consulendum.
723 2299 795 2337 His
813 2313 1036 2350 responsum
1054 2306 1134 2339 est:
1165 2301 1367 2338 ‘Divinam
1387 2301 1487 2339 Sala-

86 2368 190 2405 mina
230 2366 360 2403 multis
396 2366 513 2403 exitio
541 2367 731 2404 futuram:
769 2367 834 2403 scd
870 2381 1021 2404 murum
1048 2368 1215 2418 ligneum
1245 2368 1357 2405 saluti
1385 2368 1486 2406 forest

777 2439 800 2461 p
