1591 2492
156 108 203 145 50
554 99 687 136 EASY
716 101 884 137 LATIN
914 101 1149 139 STORIES.
1357 99 1478 151 [PART
1497 113 1545 140 1v.

152 212 230 250 illis
244 213 524 262 pollicerentur,
542 215 572 252 si
587 219 744 265 pontem
758 216 971 265 relinquere
983 216 1137 254 vellent.
1177 216 1379 255 Solverent
1390 221 1547 267 pontem

157 284 195 318 st
213 279 369 317 domum
389 280 547 318 abirent.
603 280 665 317 Ita
682 280 923 318 interfectum
942 281 988 318 iri
1013 281 1157 327 Persas,
1178 281 1394 318 libertatem
1421 286 1546 318 autem

157 347 315 385 Ionibus
335 347 468 385 datum
487 347 556 385 iri.'
610 347 715 385 Haec
730 361 846 397 quum
865 361 903 385 se
922 348 1087 385 facturos
1107 348 1217 385 Iones
1236 347 1394 397 polliciti
1409 352 1543 395 essent,

156 414 320 464 Scythae
339 415 537 453 abierunt:
565 415 747 453 rebantur
764 415 866 452 enim
884 415 995 453 Iones
1014 415 1199 465 promissa
1223 420 1436 453 servaturos
1455 428 1543 453 esse.

542 533 626 573 Tlce
639 539 790 573 retreat
808 534 862 584 of
872 533 938 572 tlze
956 533 1166 572 Persians.

211 619 528 660 l50.—Interim
546 619 685 657 Darius
701 619 898 657 constituit
913 619 961 657 ad
975 624 1131 669 pontem
1150 632 1235 656 cum
1253 619 1420 656 exercitu
1438 619 1548 668 profi-

155 687 264 726 cisci:
293 687 449 725 videbat
468 687 570 725 enim
589 687 750 736 Scythas
773 687 935 725 invictos
954 700 1043 725 esse.
1099 688 1165 735 At,
1187 699 1304 736 quum
1321 686 1442 723 maior
1459 699 1546 735 pars

154 755 297 793 Persici
324 755 511 793 exercitus
535 755 721 805 pedestris
748 760 857 803 esset,
879 756 1078 805 Scythicus
1097 759 1224 793 autem
1244 755 1429 793 exercitus
1448 758 1547 792 esset

156 827 339 873 equester,
362 823 525 873 Scythae
552 823 673 861 multo
700 823 805 873 prius
829 837 943 873 quam
964 824 1101 861 Persae
1121 823 1169 861 ad
1196 827 1353 872 pontem
1371 835 1546 872 pervene-

154 895 254 929 runt.
310 891 446 941 Itaque
465 891 633 940 Ionibus,
651 892 716 941 qui
735 892 775 929 in
794 892 954 929 navibus
982 896 1101 939 erant,
1119 891 1210 929 haec
1229 891 1381 928 dixere:
1413 890 1545 928 ‘Nunc

153 959 308 1008 quidem
345 959 479 997 solvite
515 964 683 1009 pontem,
722 964 761 997 et
797 960 899 997 ocius
945 960 1056 1007 abite,
1096 964 1314 1009 recuperata
1357 959 1542 996 libertate.

154 1027 357 1078 Fugientes
376 1028 510 1066 Persas
529 1029 716 1066 exercitus
734 1032 863 1066 noster
877 1029 1068 1078 sequitur.'

534 1145 838 1185 Deliberatz'ons
857 1146 911 1196 of
924 1145 988 1185 tlze
1006 1146 1187 1185 lanians.

209 1223 494 1273 151.-—Itaque
509 1222 556 1260 de
575 1223 634 1261 his
653 1223 911 1261 deliberarunt
930 1224 1051 1261 Iones.
1116 1223 1167 1260 Et
1185 1223 1372 1261 Miltiadis
1392 1223 1544 1273 quidem

152 1291 409 1340 Atheniensis,
440 1291 531 1329 haec
560 1295 641 1329 erat
669 1291 879 1328 sententia:
911 1291 1116 1328 ‘Parerent
1144 1291 1305 1340 Scythis,
1331 1295 1369 1328 et
1396 1291 1544 1329 Ioniam

152 1359 397 1398 liberarent.'·
422 1358 566 1398 Contra
583 1372 672 1397 vero
685 1359 868 1397 suadebat
880 1359 1073 1396 Histiaeus
1087 1359 1258 1396 Milesius
1277 1363 1320 1396 ut
1334 1363 1541 1397 manerent.

153 1427 277 1465 Huius
314 1427 406 1465 vicit
442 1427 638 1465 sententia.
708 1427 842 1476 Itaque
878 1427 1005 1476 pontis
1037 1431 1154 1476 parte,
1190 1439 1284 1476 quae
1317 1427 1544 1476 Scytharum

151 1496 273 1545 ripam
302 1495 506 1545 spectabat,
534 1494 582 1532 ad
610 1495 676 1532 teli
704 1495 844 1532 iactum
871 1495 1004 1542 soluta,
1036 1499 1078 1531 ut
1106 1495 1249 1544 aliquid
1276 1495 1396 1532 facere
1424 1494 1544 1532 vider-

153 1568 274 1610 entur,
297 1567 336 1600 et
364 1575 412 1600 ne
432 1562 595 1611 Scythae
614 1566 808 1599 tentarent
826 1562 905 1599 vim
933 1562 1074 1609 afferre,
1097 1562 1151 1599 ita
1169 1562 1363 1600 Histiaeus
1383 1563 1543 1612 Scythas

153 1631 337 1669 allocutus
358 1634 437 1668 est:
470 1630 576 1668 ‘Viri
612 1630 787 1679 Scythae,
808 1630 986 1667 faciemus
1015 1643 1109 1679 quae
1138 1630 1263 1668 vultis.
1320 1630 1421 1667 Pons
1449 1630 1544 1667 solu·

152 1703 214 1737 tus
232 1705 299 1738 est.
356 1699 468 1737 Nunc
488 1699 621 1736 Persas
640 1699 848 1736 interficere
867 1698 1047 1748 potestis.’
1101 1698 1199 1735 Tum
1214 1698 1377 1748 Scythae
1397 1697 1543 1747 decepti

151 1768 292 1806 reversi
311 1771 411 1816 sunt,
431 1771 475 1805 ut
493 1767 626 1804 Persas
646 1766 893 1804 adorirentur.

543 1884 707 1923 Darius
727 1880 816 1923 and
830 1884 895 1922 ln's
915 1897 1034 1934 army
1053 1891 1192 1935 escape.

211 1970 526 2010 152.——Interim
547 1970 702 2008 advenit
720 1970 891 2008 Persicus
919 1971 1106 2008 exercitus
1119 1985 1129 2017 ς
1158 1969 1223 2007 sed
1246 1983 1362 2019 quum
1389 1974 1546 2019 pontem

154 2038 321 2076 solutum
332 2037 528 2086 vidissent,
542 2051 769 2088 magnopere
781 2038 968 2075 timebant
980 2051 1027 2075 ne
1039 2038 1086 2075 ab
1102 2037 1256 2075 Ionibus
1271 2036 1541 2076 desererentur.

153 2106 247 2144 Erat
265 2110 355 2143 tunc
375 2105 475 2156 apud
487 2106 647 2143 Darium
661 2106 720 2143 vir
733 2106 957 2155 Aegyptius,
976 2105 1144 2142 omnium
1164 2105 1360 2142 hominum
1378 2105 1545 2143 maxima

152 2187 244 2212 voce
279 2173 483 2224 praeditus.
558 2174 671 2212 Hunc
702 2173 841 2211 Darius
873 2173 993 2221 iussit,
1023 2173 1063 2210 in
1088 2173 1170 2222 ripa
1202 2177 1378 2222 stantem,
1411 2186 1543 2210 vocare

153 2241 368 2279 Histiaeum
392 2241 595 2280 Milesium.
652 2241 762 2289 Quod
789 2241 855 2279 ubi
876 2241 975 2289 fecit,
998 2240 1191 2278 Histiaeus
1221 2241 1361 2288 statim,
1383 2240 1543 2278 navibus

152 2310 328 2349 omnibus
346 2310 395 2348 ad
422 2309 686 2348 traiiciendum
705 2310 912 2360 exercitum
930 2309 1081 2359 paratis,
1103 2312 1260 2360 pontem
1290 2308 1426 2346 iunxit.
1481 2313 1543 2350 Ita

152 2377 289 2416 Persae
309 2391 328 2416 e
349 2378 575 2427 Scytharum
593 2378 768 2416 manibus
788 2378 1009 2427 effugerunt.
