1591 2492
76 93 179 119 PART
197 80 271 133 111.]
347 82 575 119 PERSIAN
605 81 970 119 COURIERS—A
990 81 1247 118 MIRACLE.
1407 92 1452 128 37

76 195 315 234 detrimento.
369 194 450 233 Nec
477 195 578 233 enim
597 195 750 244 impune
776 194 847 232 hoc
874 195 973 241 fecit,
994 195 1058 244 qui
1085 208 1145 232 me
1172 195 1226 232 ita
1252 195 1454 233 mutilavit.

76 263 300 313 Exploratas
318 263 439 301 habeo
459 276 587 300 omnes
606 263 687 300 vias
706 262 969 300 consiliorum.'

366 364 436 402 He
454 363 613 403 obtaz'ns
631 363 851 403 command
866 364 920 414 of
933 363 1039 402 tlcez'r
1059 369 1198 413 troops.

129 449 383 497 118.—Quae
402 462 519 499 quum
538 449 684 487 locutus
702 454 810 497 esset,
827 448 1028 498 Babylonii
1039 448 1212 486 videntes
1224 448 1347 486 virum
1360 448 1460 485 inter

75 518 209 556 Persas
240 517 527 565 nobilissimum,
558 517 711 554 naribus
738 517 965 566 auribusque
991 516 1220 565 mutilatum,
1248 520 1292 553 ut
1319 516 1459 553 socium

76 585 267 634 Zopyrum
298 589 530 634 acceperunt.
603 584 827 622 Postulabat
863 589 990 622 autem
1021 588 1252 621 armatorum
1282 596 1459 631 manum3

75 653 202 702 itaque
230 653 345 702 copiis
372 652 581 702 praefectus
600 656 666 690 est.
723 652 820 689 Tum
847 665 948 700 vero,
968 656 1169 701 postquam
1197 651 1320 701 copias
1348 651 1461 700 impe-

78 721 204 767 travit,
226 733 269 757 ea
287 721 407 757 facere
428 720 603 766 instituit,
624 720 671 758 de
690 721 826 770 quibus
845 733 930 757 cum
948 719 1065 757 Dario
1085 724 1319 757 convenerat.

602 820 687 859 Τίτε
703 820 782 871 city
804 820 840 859 z's
861 820 987 859 taken.

131 906 433 947 119.-Decimo
453 905 526 954 die,
549 905 684 944 educto
711 905 1009 955 Babyloniorum
1037 905 1214 953 exercitu,
1235 905 1338 942 mille
1365 905 1459 951 illos,

78 988 170 1025 quos
199 979 300 1012 certo
328 974 410 1012 loco
438 974 577 1012 Darius
605 974 814 1021 constituit,
835 973 1085 1012 circumdatos
1112 973 1309 1011 interfecit.
1365 973 1462 1010 Tum

76 1043 214 1080 iterum
228 1042 352 1092 copias
367 1042 511 1089 eduxit,
527 1047 566 1080 et
580 1042 637 1080 bis
651 1042 754 1079 mille
773 1042 868 1089 illos,
882 1054 975 1091 quos
994 1054 1107 1091 supra
1124 1041 1341 1089 memoravi,
1355 1040 1463 1078 Darii

77 1110 216 1148 milites
240 1110 438 1148 interfecit.
495 1110 640 1157 Quibus
666 1110 778 1148 rebus
805 1110 932 1160 gestis,
952 1109 1101 1159 imperii
1128 1122 1273 1147 summa
1300 1113 1338 1146 et
1364 1109 1463 1146 muri

78 1177 247 1216 custodia
274 1177 397 1215 eidem
415 1178 598 1227 permissa
616 1182 682 1216 est.
738 1177 837 1214 Tum
856 1177 1028 1227 Zopyrus
1055 1181 1185 1226 aperta
1202 1181 1312 1226 porta
1330 1176 1463 1214 Persas

43 1295 45 1298 Ι
78 1246 178 1284 intra
195 1259 346 1283 murum
364 1246 514 1295 recepit.
572 1245 656 1283 Hoc
675 1245 791 1295 igitur
808 1244 922 1283 modo
941 1245 1030 1283 urbs
1049 1244 1222 1294 Babylon
1241 1249 1350 1294 capta
1368 1248 1434 1282 est.

382 1412 796 1449 III.-PERSIAN
828 1412 1154 1450 COURIERS.

134 1493 405 1544 120.-Apud
419 1494 565 1541 Persas,
583 1507 700 1543 quum
715 1492 859 1543 aliquid
878 1493 1207 1540 nuntiarevolunt,
1223 1493 1293 1530 hoc
1308 1492 1462 1531 faciunt.

80 1562 181 1609 Quot
199 1561 345 1599 dierum
365 1566 422 1599 est
446 1562 665 1599 universum
692 1562 775 1608 iter,
795 1566 854 1599 tot
881 1561 1055 1610 dispositi
1083 1566 1121 1598 et
1148 1561 1234 1610 equi
1262 1565 1300 1598 et
1326 1561 1399 1598 viri
1425 1561 1465 1598 in

80 1642 227 1679 quaque
255 1629 391 1667 diurna
418 1630 580 1667 statione
607 1630 730 1679 parati
758 1633 883 1676 stant3
911 1641 1004 1678 quos
1032 1641 1100 1666 nec
1126 1628 1258 1675 imber,
1280 1641 1349 1666 nec
1375 1641 1464 1675 nox,

80 1710 147 1734 1188
178 1701 315 1743 aestus,
348 1710 415 1734 nec
447 1697 515 1734 nix
546 1696 706 1746 impedit
742 1697 943 1746 quominus
979 1709 1088 1734 suum
1124 1696 1281 1746 quisque
1317 1709 1466 1733 cursum

80 1777 194 1814 quam
212 1764 402 1802 celerrime
425 1765 607 1802 conficiat.
663 1764 822 1814 Nempe,
844 1765 908 1814 qui
935 1764 1078 1814 primus
1106 1764 1233 1810 currit,
1253 1763 1284 1801 is
1303 1762 1466 1801 secundo

80 1831 199 1869 tradit
225 1831 416 1879 mandata,
445 1831 630 1869 secundus
662 1833 799 1880 tertio,
835 1837 948 1881 atque
978 1832 1029 1869 sic
1056 1831 1243 1881 deinceps,
1264 1831 1327 1868 alii
1355 1834 1467 1879 atque

81 1899 145 1936 alii
162 1898 315 1946 tradita,
335 1899 515 1937 mandata
533 1913 600 1949 per
619 1900 785 1949 singulos
804 1904 1011 1937 transeunt.

529 2067 698 2103 IV.-A
730 2067 804 2103 MI
812 2066 928 2103 RAC
936 2066 1023 2102 LE.

137 2149 501 2199 121.—Spartanus
521 2147 676 2197 quidam
696 2161 854 2185 uxorem
872 2147 1006 2185 habuit
1032 2146 1143 2196 longe
1162 2146 1471 2184 formosissimam

82 2219 253 2256 omnium
267 2230 363 2267 quae
379 2216 538 2266 Spartae
554 2220 662 2253 erant
679 2215 880 2252 mulierum
895 2230 902 2253 :
922 2227 1017 2264 quae
1036 2213 1189 2263 quidem
1203 2212 1472 2250 formosissima

83 2298 132 2323 ex
149 2285 426 2323 deformissima
444 2288 624 2322 evaserat.
681 2283 835 2321 Etenim
862 2295 979 2332 quum
1006 2282 1128 2331 turpis
1145 2281 1279 2319 fuisset
1306 2285 1470 2330 aspectu,

83 2352 219 2391 nutrix
246 2352 358 2398 illius,
378 2350 543 2400 puellam
562 2350 616 2388 ita
643 2349 851 2388 deformem
878 2349 1023 2396 videns,
1044 2362 1138 2398 quae
1166 2349 1336 2399 opulenti
1354 2349 1473 2398 patris
