1591 2492
119 59 162 94 72
518 49 650 85 EASY
679 49 847 84 LATIN
877 49 1113 86 STORIES.
1317 47 1435 98 [PART
1454 60 1502 85 w.

117 162 292 199 ministra
328 161 432 199 aedis
467 161 635 199 Dearum
673 163 886 200 Inferarum
913 167 1020 201 esset.
1090 163 1211 210 Hanc,
1239 167 1440 212 postquam
1466 163 1506 199 in

118 232 361 279 conspectum
378 229 545 266 venisset
563 229 763 277 Miltiadis,
783 230 980 268 consilium
999 230 1033 267 ei
1051 230 1212 277 dedisse,
1230 234 1286 277 ut,
1306 233 1316 250 ‘
1331 230 1363 267 si
1380 230 1508 280 magni

118 296 258 334 faceret
285 309 416 345 capere
449 296 587 343 Paron,
607 302 876 346 exsequeretur
894 297 1073 347 quicquid
1100 297 1181 347 ipsa
1207 297 1264 334 illi
1290 301 1388 334 esset
1414 296 1509 334 indi-

118 363 270 401 catura.'
323 363 484 410 Deinde,
519 364 659 402 auditis
694 365 862 403 mulieris
897 365 1010 403 huius
1037 365 1255 415 praeceptis,
1293 365 1508 402 Miltiadem

117 431 157 468 in
193 430 395 477 tumulum,
434 431 499 480 qui
536 435 624 469 ante
660 432 793 470 urbem
825 437 933 479 esset,
971 446 1010 470 se
1046 433 1259 479 contulisse,
1289 437 1328 469 et
1358 444 1509 469 murum

120 498 204 536 aedi
240 498 388 536 Cereris
425 498 724 537 circumductum
760 499 960 547 traiecisse,
990 512 1107 549 quum
1134 500 1233 537 fores
1260 499 1405 549 aperire
1431 511 1509 536 non

120 566 327 614 potuisset:
355 570 438 603 tum
457 566 505 604 ad
524 567 645 616 ipsam
664 566 756 604 deae
776 567 907 604 aedem
926 567 1130 605 accessisse.
1187 567 1312 615 Quum
1325 581 1416 607 vero
1434 568 1510 606 iam

121 633 169 670 ad
188 633 287 671 fores
314 638 423 681 esset,
444 634 569 672 subito
597 635 752 672 horrore
780 639 1005 684 correptum,
1025 648 1092 684 per
1119 634 1278 672 eandem
1303 635 1415 682 viam,
1437 648 1510 684 qua

121 701 298 748 venisset,
317 701 484 749 rediisse,
500 706 539 739 et
557 702 794 740 desilientem
814 703 860 740 de
879 716 987 740 muro
1006 703 1128 740 femur
1146 702 1305 740 luxasse.

597 859 680 897 lee
698 858 805 898 voice
823 858 877 909 of
887 858 1045 908 Apollo,

174 944 472 994 207.—Itaque
500 944 695 982 Miltiades
722 949 823 982 retro
852 945 1059 994 navigavit,
1088 957 1209 994 neque
1238 957 1326 994 opes
1354 946 1512 984 afferens

122 1012 432 1058 Atheniensibus,
452 1025 520 1049 nec
535 1012 690 1050 subacta
704 1012 812 1050 Paro.
868 1011 972 1049 Parii
986 1015 1125 1057 autem,
1141 1011 1337 1049 obsidione
1351 1012 1511 1059 liberati,

125 1094 241 1130 quum
268 1080 546 1118 intellexissent
573 1080 741 1117 Dearum
767 1079 981 1117 ministram
1007 1079 1177 1116 Miltiadi
1204 1078 1388 1117 indicasse
1421 1079 1513 1129 quid

124 1147 338 1186 faciendum
373 1153 482 1194 esset,
516 1161 677 1197 poenam
712 1148 824 1185 huius
859 1148 914 1185 rei
951 1160 1080 1185 caussa
1116 1160 1262 1184 sumere
1298 1147 1510 1185 voluerunt.

124 1216 285 1265 Legatos
304 1215 421 1265 igitur
434 1214 606 1263 Delphos
620 1213 818 1259 miserunt,
836 1212 901 1261 qui
916 1211 1111 1249 oraculum
1127 1211 1380 1259 consulerent,
1402 1215 1411 1233 ‘
1423 1225 1516 1251 1111111

124 1284 258 1321 ultimo
294 1282 477 1332 supplicio
518 1282 707 1319 afficerent
747 1280 915 1317 Dearum
950 1279 1174 1325 ministram,
1212 1291 1306 1327 quae
1342 1278 1514 1316 hostibus

125 1351 226 1388 viam
270 1350 473 1387 indicasset
516 1354 560 1386 ut
604 1348 767 1398 patriam
811 1351 1016 1397 caperent:
1067 1350 1105 1384 et
1141 1359 1255 1392 sacra,
1293 1359 1388 1395 quae
1423 1345 1515 1383 viris

125 1417 329 1455 monstrari
352 1417 458 1455 nefas
485 1420 594 1463 esset,
622 1414 792 1452 Miltiadi
818 1413 1048 1464 aperuisset.’
1100 1413 1156 1451 At
1181 1414 1335 1463 negavit
1362 1413 1514 1462 Pythia,

126 1484 265 1529 dicens,
296 1487 398 1521 ‘non
434 1483 544 1520 Timo
580 1482 701 1532 ipsam
723 1481 834 1518 huius
870 1481 925 1519 rei
961 1493 1131 1518 caussam
1166 1493 1270 1527 esse3
1298 1479 1363 1517 sed
1399 1492 1516 1529 quum

125 1552 166 1588 in
193 1552 281 1589 fatis
309 1555 408 1589 esset
434 1555 479 1588 ut
505 1551 585 1588 vita
612 1550 709 1587 male
737 1549 958 1599 fungeretur
975 1548 1183 1594 Miltiades,
1211 1549 1308 1585 hanc
1333 1547 1368 1585 ei
1395 1561 1417 1585 a
1444 1548 1515 1585 diis

125 1619 280 1656 missam
315 1631 406 1664 esse,
439 1617 574 1655 ducem
609 1616 817 1654 malorum.’
888 1616 993 1653 Haec
1029 1615 1183 1664 quidem
1218 1615 1360 1664 Pythia
1396 1615 1517 1652 Pariis

128 1687 334 1736 respondit.

444 1834 647 1886 Disgrace
665 1834 754 1873 and
771 1833 890 1873 cloatlc
911 1832 963 1883 of
975 1831 1204 1871 Miltiades.

180 1928 562 1970 208.—Miltiadem
594 1932 732 1974 autem,
762 1928 859 1965 Paro
896 1939 1100 1973 reversum,
1138 1938 1255 1975 quum
1290 1925 1355 1963 alii
1391 1938 1520 1963 omnes

131 1999 384 2037 Athenienses
403 1997 640 2042 accusabant,
651 2000 735 2033 tum
759 2009 848 2046 prae
868 1995 999 2033 ceteris
1019 1993 1273 2043 Xanthippus,
1293 1992 1520 2043 Ariphronis

130 2067 253 2113 filius,
289 2066 354 2115 qui
390 2078 476 2102 eum
513 2064 644 2114 capitis
672 2077 778 2101 reum
805 2063 883 2113 egit
910 2062 1010 2112 apud
1042 2061 1236 2112 populum,
1264 2064 1308 2098 ut
1339 2061 1404 2110 qui
1433 2061 1520 2099 dolo

131 2133 230 2170 malo
249 2131 501 2169 Athenienses
529 2130 746 2180 decepisset.
803 2129 925 2176 Quam
951 2129 1000 2167 ad
1027 2127 1302 2166 accusationem
1325 2126 1521 2165 Miltiades

130 2200 222 2250 ipse,
248 2199 420 2249 quamvis
447 2211 622 2248 praesens
650 2202 758 2244 esset,
787 2210 864 2234 non
890 2196 1108 2246 respondit:
1135 2208 1204 2233 nec
1231 2194 1333 2232 enim
1358 2198 1519 2244 poterat,

131 2269 272 2306 femore
291 2268 367 2305 iam
384 2269 632 2316 putrescente.
689 2264 765 2302 Sed
784 2264 875 2302 dum
893 2264 957 2301 ille
975 2263 1113 2301 lectulo
1128 2262 1328 2312 impositus
1342 2261 1382 2299 in
1395 2260 1521 2299 medio

132 2336 288 2384 iacebat,
298 2340 477 2374 ‘caussam
494 2346 563 2382 pro
577 2346 622 2371 eo
636 2332 766 2370 dixere
781 2332 901 2378 amici,
919 2344 1066 2381 pugnae
1082 2329 1347 2368 Marathoniae
1361 2328 1519 2366 multam
