1591 2492
164 80 209 123 78
552 76 682 112 EASY
711 76 814 111 LAT
818 75 876 111 IN
905 73 1138 111 STORIES.
1349 69 1468 122 [PART
1488 83 1536 108 ιν.

161 189 243 235 bus,
271 188 404 238 ingens
430 186 594 236 procella
620 190 748 223 coorta
775 189 843 232 est,
873 198 968 233 quae
995 184 1149 222 res-cidit
1176 183 1303 221 omnia
1329 187 1442 233 atque
1469 181 1541 219 dis-

160 256 282 293 solvit.

545 366 627 406 lee
644 366 867 417 scourgz'ng
881 366 934 415 of
947 366 1012 405 tlte
1029 379 1173 405 waves.

211 452 487 499 zzz—Quod
508 452 574 489 ubi
592 452 739 489 Xerxes
766 450 954 500 cognovit,
974 450 1193 500 gravissime
1211 449 1345 497 ferens,
1372 453 1540 486 trecenta

160 522 316 559 verbera
334 518 490 569 flagellis
509 518 629 568 infligi
647 517 756 555 iussit
774 517 1035 566 Hellesponto,
1056 521 1095 553 et
1113 515 1309 565 compedes
1328 516 1368 553 in
1386 515 1541 565 pelagus

160 587 314 637 proiici:
351 590 508 624 narrant
534 586 660 631 etiam,
687 588 837 634 praeter
863 584 955 621 haec
982 597 1068 621 eum
1094 583 1265 620 homines
1291 583 1448 629 misisse,
1478 582 1541 631 qui

160 654 338 704 stigmata
372 653 566 690 inurerent
601 652 861 701 Hellesponto.
931 650 1140 700 Imperavit
1175 654 1286 697 certe,
1313 654 1358 687 ut
1384 649 1542 700 flagellis

159 721 357 758 caedentes
376 721 536 759 barbara
553 720 645 757 haec
663 724 702 756 et
720 719 851 757 insana
869 718 1160 768 pronuntiarent
1178 718 1316 755 verba:
1346 721 1355 737 ‘
1369 717 1401 755 O
1416 730 1543 755 amara

159 802 267 838 aqua,
295 788 471 826 dominus
506 788 577 826 tibi
612 788 709 825 hanc
744 800 906 837 poenam
941 786 1091 836 infligit,
1128 786 1229 835 quod
1264 785 1371 822 illum
1406 785 1544 822 iniuria

159 856 325 903 affecisti,
346 856 441 893 nihil
459 856 550 894 mali
577 856 625 893 ab
643 855 724 904 ipso
749 867 867 904 passa.
924 854 974 891 Et
1001 853 1163 891 traiiciet
1180 858 1218 890 te
1245 865 1324 899 rex,
1344 853 1423 890 sive
1441 852 1544 890 volu—

159 923 242 970 eris,
259 923 337 960 sive
351 923 526 960 nolueris.
582 922 722 960 Merito
741 926 868 959 autem
885 934 996 958 nemo
1015 920 1212 958 hominum
1231 920 1301 957 tibi
1320 933 1423 957 sacra
1440 919 1541 966 facit,

158 1003 247 1028 nam
274 1003 312 1028 es
340 990 513 1028 dolosum
540 990 752 1038 salsumque
784 988 946 1026 flumen.’
1018 988 1139 1026 Simul
1175 1001 1264 1025 vero
1292 991 1330 1025 et
1353 987 1448 1025 mari
1475 987 1542 1024 has

158 1070 297 1107 poenas
324 1058 444 1108 infligi
462 1057 583 1104 iussit,
603 1057 788 1106 simulque
816 1056 939 1105 capita
967 1055 1155 1105 amputari
1182 1067 1321 1101 eorum,
1343 1054 1407 1103 qui
1433 1054 1542 1104 ponti

158 1126 307 1163 fuerant
325 1125 513 1175 praefecti.

662 1241 699 1279 T
696 1239 745 1278 lte
763 1253 851 1278 new
872 1239 1041 1290 bridges.

209 1327 512 1366 223.—P0ntes
524 1330 651 1362 autem
663 1324 800 1362 deinde
815 1325 1021 1362 iunxerunt
1034 1324 1097 1361 alii
1112 1322 1316 1368 architecti,
1331 1326 1370 1359 et
1381 1322 1452 1359 hoc
1464 1322 1542 1371 qui-

158 1394 245 1431 dem
263 1393 376 1431 modo
395 1394 611 1430 iunxerunt.
668 1391 854 1430 Oollectas
873 1404 989 1428 naves
1008 1403 1163 1428 numero
1183 1389 1231 1427 ad
1251 1392 1445 1426 sexcentas
1464 1401 1542 1438 sep-

157 1461 331 1511 tuaginta
350 1464 512 1510 quatuor
531 1464 755 1497 statuerunt.
812 1459 918 1496 Inter
936 1459 1004 1496 has
1023 1458 1144 1495 tribus
1163 1457 1202 1494 in
1221 1457 1312 1494 locis
1339 1456 1542 1494 transitum

157 1528 401 1577 reliquerunt,
429 1531 474 1565 ut
503 1527 543 1564 in
570 1527 736 1564 Pontum
768 1526 909 1563 intrare
936 1529 1090 1575 possent
1120 1529 1356 1570 mercatores,
1385 1528 1424 1561 et
1454 1522 1543 1561 inde

157 1596 306 1633 reverti.
379 1595 510 1645 Tignis
545 1594 682 1632 deinde
718 1607 785 1644 per
820 1607 935 1632 naves
971 1593 1164 1643 dispositis
1199 1593 1436 1642 ingesserunt
1470 1603 1544 1628 sar-

157 1667 296 1709 menta,
330 1666 368 1699 et
403 1662 601 1699 sarmentis
637 1665 799 1698 terram:
845 1660 1008 1710 denique
1043 1664 1246 1709 utrumque
1281 1659 1381 1696 latus
1415 1657 1543 1707 pontis

159 1733 265 1778 septo
300 1729 529 1776 munierunt,
559 1741 605 1764 ne
633 1728 803 1765 iumenta
834 1732 873 1764 et
909 1727 995 1776 equi
1024 1731 1222 1776 conspecto
1254 1726 1350 1763 mari
1378 1729 1538 1762 conster·

157 1799 347 1832 narentur.

616 1926 689 1964 An
709 1926 848 1975 eclz'pse
865 1925 917 1975 of
930 1925 995 1963 tlze
1012 1938 1100 1963 sun.

206 2011 580 2060 224.—Postquam
599 2010 720 2047 Xerxi
735 2009 996 2046 renuntiatum
1011 2013 1069 2046 est
1083 2012 1238 2058 pontem
1253 2011 1291 2044 et
1304 2007 1443 2044 fossam
1461 2016 1522 2055 par

158 2081 219 2114 ata
236 2090 327 2123 esse,
348 2078 476 2115 statim
495 2077 679 2126 proficisci
707 2076 913 2114 constituit.
971 2076 1127 2125 Iamque
1154 2075 1194 2112 in
1221 2087 1264 2111 eo
1293 2078 1373 2111 erat
1399 2077 1443 2110 ut
1470 2073 1544 2110 iter

160 2144 430 2193 ingrederetur,
456 2157 572 2193 quum
591 2144 645 2181 sol
666 2157 734 2181 sua
760 2143 847 2181 sede
874 2143 1005 2181 relicta
1031 2142 1186 2180 evanuit
1200 2156 1211 2189 3
1246 2140 1360 2178 nullis
1378 2139 1542 2178 nubibus

158 2210 365 2248 obductum
383 2211 537 2257 caelum,
558 2211 623 2248 sed
643 2224 756 2260 quam
773 2211 938 2248 maxime
957 2222 1131 2248 serenum
1155 2213 1244 2256 erat,
1267 2212 1305 2245 et
1328 2206 1453 2245 medio
1480 2205 1542 2244 die

157 2290 234 2314 nox
261 2278 420 2315 exstitit.
477 2277 587 2325 Quod
619 2278 685 2315 ubi
713 2282 960 2327 conspexerat
991 2277 1150 2322 Xerxes,
1171 2288 1279 2313 curae
1306 2275 1341 2312 ei
1365 2274 1457 2312 haec
1483 2286 1542 2311 res

157 2344 241 2390 fuit,
267 2344 528 2394 quaesivitque
547 2358 595 2382 ex
613 2344 738 2394 Magis
757 2344 848 2394 quid
868 2344 1095 2394 significaret
1125 2342 1165 2380 id
1192 2341 1417 2392 prodigium.
1472 2340 1540 2378 Re·
