1591 2492
129 95 175 130 92
528 84 658 119 EASY
689 56 853 119 LATIN
885 83 1117 120 STORIES.
1328 81 1447 132 [PART
1467 93 1516 119 1v.

127 198 257 248 fugere
285 201 325 235 et
350 197 442 247 ipsis
475 197 616 234 auxilio
645 210 734 245 esse,
767 197 857 234 alias
885 197 1134 235 barbarorum
1166 209 1281 235 naves
1313 197 1516 247 petierunt.

129 266 263 315 Itaque
292 266 362 302 hoc
389 265 556 315 primum
588 265 653 302 illa
685 264 925 303 commodum
956 265 1101 312 habuit,
1131 269 1175 302 ut
1203 265 1306 303 salva
1333 265 1519 303 evaserit:
1558 291 1562 293 »

129 333 253 371 eidem
284 334 401 371 etiam
433 333 593 383 contigit
622 338 676 381 ut,
705 346 822 382 quum
855 333 994 371 damno
1026 333 1210 370 affecisset
1236 346 1375 382 regem,
1405 333 1453 370 ob
1480 331 1519 369 id

129 400 254 450 ipsum
271 400 415 438 factum
433 401 599 438 maxime
617 401 665 439 ab
684 401 818 439 eodem
836 401 1064 438 laudaretur.
1121 400 1244 438 Aiunt
1271 401 1384 447 enim,
1404 413 1520 450 quum
1556 401 1560 404 “

129 482 296 519 pugnam
310 469 458 507 Xerxes
473 473 670 519 spectaret,
687 469 926 519 conspexisse
941 482 1027 506 eum
1038 469 1136 506 hanc
1149 481 1285 506 navem
1304 468 1344 505 in
1362 468 1520 505 alteram

130 536 406 587 impingentem
424 552 432 575 z
460 542 499 574 et
526 550 643 586 quum
671 537 807 586 aliquis
826 537 859 574 ei
879 537 1048 585 dixisset,
1081 540 1089 556 ‘
1105 536 1235 583 Vides,
1256 536 1288 573 O
1306 549 1386 581 rex,
1407 548 1520 585 quam
1555 559 1561 566 -

132 604 282 642 fortiter
293 605 500 642 Artemisia
514 609 659 654 pugnet
675 604 701 641 Γ
729 605 918 654 quaesisse
938 605 1056 650 illum,
1075 608 1083 624 ‘
1096 603 1244 641 Verene
1263 603 1313 641 sit
1327 604 1397 641 1100
1412 604 1522 640 Arte-

131 672 261 710 misiae
293 672 491 710 factum‘l’
532 673 590 709 cui
623 672 707 710 illos
738 672 987 722 respondisse,
1028 673 1101 710 ‘Se
1137 672 1233 709 bene
1269 685 1406 709 navem
1442 671 1521 708 eius

131 740 264 779 nosse.’
318 740 454 789 Itaque
476 740 622 777 Xerxes
640 740 710 777 1100
730 739 871 778 dixisse
898 741 1019 777 fertur
1037 755 1044 777 :
1082 743 1091 759 ‘
1109 739 1191 775 Viri
1210 739 1304 776 mihi
1323 739 1413 777 facti
1433 743 1522 776 sunt

132 809 309 847 mulieres
325 823 335 855 3
361 807 537 845 mulieres
557 821 656 854 vero,
678 808 773 846 viri.'

594 945 769 996 Loyalty
790 952 827 984 to
849 945 914 984 tlte
932 945 1061 984 dccztlc.

185 1030 512 1073 261.--Narrant
540 1044 686 1078 navem,
717 1044 831 1080 quam
859 1031 1006 1069 Xerxes
1038 1029 1318 1077 conscenderat,
1347 1043 1523 1080 magnam

134 1099 337 1150 procellam
355 1099 529 1137 adortam
548 1112 639 1136 esse.
697 1099 759 1136 Ibi
773 1103 875 1146 tunc,
895 1112 1013 1148 quum
1031 1099 1151 1148 magis
1169 1098 1364 1148 magisque
1382 1098 1524 1135 fureret

134 1172 272 1206 ventus
286 1172 325 1205 et
339 1167 453 1204 nimis
466 1180 647 1217 magnum
660 1179 754 1204 onus
773 1166 813 1204 in
832 1180 928 1203 nave
943 1171 1051 1214 esset,
1070 1179 1158 1203 nam
1172 1179 1332 1215 magnus
1346 1177 1524 1202 numerus

136 1237 338 1274 Persarum
357 1235 396 1272 in
415 1240 532 1284 ponte
551 1235 689 1281 stabat,
709 1239 814 1272 metu
840 1235 1034 1284 perculsus
1052 1248 1120 1271 rex
1139 1234 1326 1283 quaesivit
1345 1247 1365 1270 e
1384 1233 1522 1280 nautis,

138 1314 230 1338 num
250 1300 384 1338 salutis
403 1312 489 1349 spes
509 1305 608 1338 esset
626 1316 632 1338 :
662 1302 722 1338 cui
750 1305 888 1338 nautae
907 1300 1198 1350 responderunt,
1215 1305 1223 1321 ‘
1239 1301 1328 1338 Non
1347 1301 1421 1338 alia
1440 1313 1525 1350 spes

136 1373 205 1415 est,
225 1382 247 1406 0
266 1382 345 1415 rex,
365 1369 440 1406 nisi
467 1368 515 1406 (10
542 1381 699 1406 numero
719 1369 926 1406 multorum
945 1369 1143 1406 hominum
1170 1381 1257 1418 pars
1284 1369 1324 1406 in
1351 1381 1453 1406 mare
1473 1369 1522 1405 in-

137 1436 262 1474 siliat.'
317 1436 463 1483 Quibus
482 1436 623 1474 auditis
641 1436 815 1474 nonnulli
843 1450 863 1473 e
891 1437 1016 1473 Persis
1044 1450 1172 1486 regem
1199 1436 1466 1484 adoraverunt,
1488 1440 1527 1474 et

138 1505 177 1542 in
208 1517 311 1542 mare
349 1517 387 1541 se
423 1504 621 1553 proiecere.
679 1505 814 1553 Itaque
846 1504 953 1542 navis
990 1517 1102 1542 onere
1139 1504 1309 1550 liberata,
1348 1504 1452 1541 salva
1487 1504 1526 1540 in

138 1572 269 1610 Asiam
288 1573 471 1621 pervenit.

404 1710 486 1749 Tlae
506 1710 744 1762 rebm'ldz'ng
760 1712 811 1762 of
825 1711 890 1750 tlze
909 1712 1029 1750 walls
1049 1712 1101 1762 of
1113 1711 1150 1749 Α
1161 1711 1284 1750 tlcens.

188 1796 480 1843 262.—Quum
504 1797 660 1834 domum
687 1797 877 1846 profectus
904 1801 1003 1833 esset
1030 1796 1188 1842 Xerxes,
1215 1795 1364 1833 moenia
1389 1795 1527 1833 iterum

138 1864 224 1901 urbi
254 1864 511 1902 Athenienses
543 1864 774 1902 circumdare
807 1865 1036 1913 inceperunt.
1105 1863 1189 1900 Hoc
1217 1875 1326 1912 aegre
1353 1862 1526 1900 ferebant

138 1932 441 1979 Lacedaemonii,
457 1945 551 1982 quos
570 1932 657 1970 dolo
677 1933 788 1970 huius
804 1932 907 1970 modi
926 1931 1198 1969 Themistocles
1213 1930 1371 1979 decepit.
1420 1930 1527 1980 Spar-

136 2003 214 2036 tam
244 1998 393 2048 legatus
425 1996 557 2043 adivit,
588 2011 781 2048 quumque
809 2013 853 2037 00
881 1999 1126 2049 pervenisset,
1157 1998 1346 2036 aedificari
1380 1998 1528 2035 moenia

139 2065 300 2113 negavit.
360 2065 493 2112 ‘Quod
529 2066 584 2113 si,'
616 2066 752 2115 inquit,
790 2066 907 2103 ‘mihi
939 2066 1090 2104 eredere
1122 2067 1329 2112 nonvultis,
1362 2066 1527 2104 delectos

139 2131 239 2169 viros
257 2133 412 2180 mittite,
434 2134 500 2183 qui
527 2134 619 2171 haec
647 2134 859 2183 inspiciant,
881 2147 1015 2183 meque
1047 2134 1201 2171 interim
1229 2134 1290 2171 hic
1317 2133 1526 2172 custodite!

139 2198 222 2236 Hoc
258 2199 429 2238 fecerunt
465 2200 765 2239 Lacedaemonii.
839 2202 1111 2239 Themistocles
1155 2202 1310 2239 interim
1349 2202 1527 2239 nuntium

137 2267 311 2306 Athenas
326 2269 422 2306 clam
440 2269 556 2316 misit,
577 2270 769 2319 suasitque
788 2274 831 2307 ut
849 2270 965 2320 legati
983 2270 1282 2317 Lacedaemonii,
1305 2283 1526 2320 quocunque

138 2335 250 2373 modo
282 2341 448 2384 possent,
476 2337 641 2376 Athenis
673 2337 964 2385 custodirentur,
999 2337 1118 2375 donec
1150 2338 1300 2375 moenia
1331 2337 1523 2375 aedificata
