1591 2492
140 94 186 129 82
535 91 663 127 EASY
694 91 860 126 LATIN
890 89 1123 126 STORIES.
1337 88 1455 139 [PART
1474 100 1523 126 1v.

143 205 226 252 Quo
245 204 375 242 audito
394 216 583 253 responso,
605 203 670 240 alii
687 203 868 240 rebantur
887 215 980 252 opus
998 215 1078 240 esse
1096 202 1219 252 ligneo
1238 215 1346 239 muro
1365 202 1405 239 in
1431 215 1525 248 arce,

141 272 205 309 alii
218 284 333 308 naves
347 270 533 320 parandas
549 283 627 307 esse
641 270 934 307 arbitrabantur.
985 269 1078 306 Erat
1092 274 1218 306 autem
1232 269 1332 306 inter
1345 269 1528 318 primores

141 337 422 385 Themistocles,
437 338 496 375 vir
506 337 726 387 praeclarus.
766 337 804 374 Is
815 350 1041 387 magnopere
1057 337 1238 374 suadebat
1249 342 1292 374 ut
1304 337 1351 374 ad
1363 350 1529 387 pugnam

142 406 316 443 navalem
343 418 422 442 sese
441 410 710 454 compararent.
767 405 870 451 Quae
897 405 1085 442 sententia
1110 406 1224 442 vicit:
1251 406 1378 454 itaque
1403 405 1529 442 classis

141 479 274 522 parata
291 477 358 510 est.

518 563 620 602 War
644 563 829 603 Councz'ls
848 563 902 614 of
915 563 980 602 tlce
1002 563 1159 602 Greeks.

176 648 437 688 234.—Tum
445 661 533 685 vero
547 648 680 686 Graeci
693 648 949 685 deliberarunt
961 661 1035 697 qua
1047 648 1192 685 ratione
1203 648 1344 685 bellum
1356 647 1532 686 adminis-

142 720 298 754 trarent.
345 715 449 752 Vicit
465 716 662 761 sententia,
680 721 723 751 ut
738 714 1077 763 Thermopylarum
1093 715 1216 752 fauces
1231 716 1530 754 custodirentur:

144 783 275 820 callem
295 787 422 819 autem
441 784 524 830 (per
543 795 654 830 quem
680 787 811 830 postea
838 782 1037 830 intercepti
1065 788 1153 818 sunt
1181 782 1315 819 Graeci
1342 783 1390 819 ad
1417 782 1532 820 Ther-

144 849 341 899 mopylas),
364 862 411 885 ne
430 861 509 885 esse
529 847 681 897 quidem
701 853 894 886 noverant.
934 848 1102 886 Classem
1115 862 1204 886 vero
1217 848 1265 886 ad
1284 850 1531 887 Artemisium

143 915 443 966 promontorium
457 915 559 951 mitti
572 914 722 963 placuit.
752 914 893 952 Fauces
907 916 1117 962 autem‚ubi
1129 916 1414 965 angustissimae
1429 921 1527 965 sunt,

143 996 219 1021 non
238 983 339 1020 ultra
357 982 631 1031 quinquaginta
649 981 763 1029 pedes
782 986 925 1030 patent.
980 981 1043 1019 Ab
1061 981 1179 1019 altero
1204 982 1320 1020 latere
1347 996 1455 1021 mons
1473 988 1530 1021 est

142 1050 344 1100 praealtus,
365 1050 413 1087 ab
431 1049 550 1086 altero
569 1062 671 1086 mare
690 1053 729 1085 et
746 1048 913 1098 paludes.
970 1048 1068 1086 Sunt
1086 1054 1213 1086 autem
1231 1050 1270 1086 in
1289 1050 1348 1087 his
1363 1051 1530 1089 faucibus

144 1131 262 1167 aquae
290 1117 441 1162 calidae,
463 1129 576 1166 supra
594 1129 686 1165 quas
715 1129 778 1153 ara
796 1121 920 1153 erecta
946 1122 1003 1153 est
1031 1115 1195 1154 Herculi.
1251 1116 1385 1155 Murus
1404 1123 1529 1156 autem

144 1190 225 1223 erat
253 1186 292 1221 in
321 1185 502 1230 faucibus,
536 1197 648 1233 quem
678 1184 813 1221 Graeci
848 1184 1046 1221 restituere
1083 1184 1369 1223 constituerunt.
1425 1186 1530 1224 Haec

142 1253 259 1303 igitur
293 1252 375 1289 loca
409 1251 545 1289 idonea
580 1251 816 1298 videbantur,
844 1251 982 1300 itaque,
1012 1251 1099 1301 quia
1131 1253 1316 1301 putabant
1351 1253 1530 1291 barbaros

143 1321 196 1358 ibi
215 1333 283 1357 nec
309 1319 456 1368 magnis
479 1319 595 1368 copiis
614 1319 810 1356 hominum
837 1320 893 1356 uti
921 1332 1040 1369 posse,
1060 1333 1128 1358 nec
1155 1321 1336 1370 equitatu,
1359 1322 1529 1371 excipere

144 1386 285 1424 ibidem
317 1386 500 1434 impetum
532 1387 698 1423 hostium
731 1391 955 1424 statuerunt.
1012 1387 1210 1437 Quumque
1238 1389 1413 1426 certiores
1440 1389 1530 1426 facti

144 1458 268 1491 essent
300 1453 433 1490 Persas
465 1453 504 1490 in
536 1453 730 1490 Thessalia
761 1466 851 1499 esse,
886 1453 1046 1502 pedibus
1077 1455 1141 1492 alii
1172 1455 1330 1504 profecti
1361 1461 1450 1493 sunt
1481 1455 1528 1493 ad

144 1521 428 1570 Thermopylas,
449 1520 512 1557 alii
531 1521 625 1558 mari
645 1521 693 1558 ad
711 1521 969 1558 Artemisium.

383 1648 530 1698 Apollo
551 1647 716 1686 advises
736 1661 790 1686 an
810 1648 988 1699 offerz'ng
1005 1657 1042 1688 to
1060 1649 1122 1688 tlte
1142 1649 1286 1688 wz'nds.

195 1735 459 1776 235.—Dum
484 1735 538 1772 ita
556 1735 701 1781 Graeci,
721 1736 895 1774 bifariam
922 1737 1044 1782 divisi,
1065 1749 1256 1774 occurrere
1283 1737 1383 1775 hosti
1410 1744 1528 1778 matu-

145 1808 254 1840 rant:
293 1803 446 1839 interim
483 1802 716 1851 Delphenses
753 1803 867 1841 deum
903 1804 1180 1842 consuluerunt.
1235 1805 1443 1843 Redditum
1470 1811 1528 1844 est

144 1883 377 1919 responsum,
398 1874 406 1890 ‘
422 1870 594 1918 precibus
613 1870 786 1919 votisque
813 1871 1016 1920 placandos
1043 1884 1122 1908 esse
1149 1876 1282 1909 ventos
1300 1887 1308 1909 :
1338 1872 1407 1910 hos
1426 1873 1526 1911 enim

144 1949 280 1985 magno
309 1936 486 1974 Graeciae
515 1936 656 1973 auxilio
681 1936 783 1975 fore.'
836 1937 984 1975 Deinde
1013 1938 1246 1988 Delphenses
1272 1939 1396 1976 ventis
1423 1952 1526 1977 aram

144 2003 379 2049 dedicarunt,
408 2004 669 2053 sacrificiisque
697 2004 780 2041 illos
803 2005 1008 2053 placarunt.
1064 2006 1191 2055 Atque
1219 2007 1333 2044 etiam
1360 2019 1459 2044 nunc
1478 2019 1525 2043 ex

142 2070 282 2107 oraculi
300 2070 479 2107 mandato
498 2077 631 2108 ventos
650 2070 800 2120 placant
818 2071 1062 2121 Delphenses.

437 2186 672 2237 leeflyz'ng
686 2187 893 2238 squadron
914 2189 966 2238 of
979 2188 1045 2227 tlze
1067 2188 1226 2229 Greeks.

192 2271 473 2310 236.—Erant
491 2273 530 2309 in
549 2273 712 2310 statione
731 2272 779 2310 ad
801 2273 1048 2311 barbarorum
1073 2278 1198 2311 motus
1225 2275 1428 2313 servandos
1446 2279 1521 2313 tres

140 2336 410 2385 speculatoriae
429 2350 544 2375 naves
563 2338 803 2380 Graecorum,
819 2339 1059 2386 Troezoenia,
1075 2340 1311 2390 Aegfflensis,
1326 2345 1366 2378 et
1380 2341 1518 2379 Attica.
