1591 2492
120 38 167 73 68
516 40 646 76 EASY
675 40 840 75 LATIN
869 39 1102 77 STORIES.
1308 40 1425 92 [PART
1445 54 1494 79 ιν.

572 193 757 243 Spartan
777 193 1048 243 superstition.

171 278 427 318 196.-Tunc
454 278 712 328 Phidippides,
733 279 914 327 postridie
941 279 1020 316 eius
1048 279 1123 317 diei
1143 293 1217 329 quo
1235 280 1397 318 Athenis
1416 294 1497 331 pro-

118 345 235 383 fectus
253 350 343 391 erat,
366 346 540 395 Spartam
558 346 740 395 pervenit.
796 346 984 383 Primores
1003 351 1224 384 convocatos
1243 347 1297 384 ita
1314 347 1497 385 allocutus

116 417 194 450 est:
225 416 233 432 ‘
246 412 389 450 Petunt
408 426 430 450 a
446 413 555 450 vobis
573 412 834 459 Athenienses,
856 417 899 449 ut
921 413 992 450 sibi
1020 413 1186 450 subsidio
1212 414 1382 452 veniatis.
1438 413 1498 451 Ne

115 480 215 528 passi
247 480 328 517 sitis
355 485 399 517 ut
425 480 686 529 antiquissima
717 480 818 517 inter
849 480 1011 517 Graecos
1043 481 1175 518 civitas
1205 481 1245 518 in
1277 481 1499 518 servitutem

116 547 308 596 redigatur
339 561 361 585 a
391 548 572 585 barbaris.
627 547 728 585 Nam
760 552 797 584 et
829 547 977 585 Eretria
1002 561 1102 584 nunc
1130 548 1198 585 sub
1225 548 1355 597 iugum
1385 548 1499 585 missa

115 619 183 660 est,
204 619 242 652 et
260 614 418 652 illustris
446 615 578 652 civitas
604 614 740 664 periit.'
794 614 866 652 His
893 614 1014 660 dictis,
1034 615 1175 664 placuit
1202 616 1355 664 quidem
1391 615 1498 664 Spar-

115 678 215 715 tanis
247 679 389 716 auxilia
424 679 575 715 mittere
610 678 917 727 Atheniensibus,
952 679 1017 717 sed
1049 679 1119 717 hoc
1151 680 1347 718 confestim
1377 681 1498 718 facere

115 759 191 782 non
219 750 435 795 potuerunt,
468 759 585 795 quum
615 746 761 783 nollent
792 750 922 784 contra
952 746 1072 797 legem
1104 760 1222 796 agere.
1279 748 1371 785 Erat
1398 748 1499 785 enim

116 826 238 850 nonus
257 813 336 850 dies
355 813 516 850 mensis:
548 816 668 850 ‘nono
696 817 823 850 autem
851 813 921 860 die,
953 818 990 850 et
1017 814 1235 863 priusquam
1262 814 1374 863 plena
1400 819 1498 853 esset

115 880 214 930 luna,
237 894 274 919 se
294 893 370 918 non
390 881 624 931 egressuros,’
643 881 804 919 aiebant.

362 1005 400 1043 T
397 1004 446 1043 lae
463 1005 603 1043 dream
624 1006 677 1054 of
689 1005 878 1055 Hippias,
901 1005 990 1043 ancl
1004 1004 1117 1043 other
1135 1018 1277 1043 omens.

171 1090 497 1139 lez—Hippiae,
518 1091 707 1127 Pisistrati
727 1090 815 1137 filio,
837 1090 923 1127 talis
949 1090 1050 1126 visus
1070 1094 1150 1126 erat
1169 1090 1327 1127 oblatus.
1384 1090 1497 1128 Visus

115 1163 195 1195 erat
227 1158 298 1195 sibi
326 1171 411 1195 cum
443 1171 510 1195 sua
536 1162 656 1195 matre
686 1158 869 1206 colloqui:
899 1170 972 1205 quo
1000 1170 1047 1193 ex
1075 1157 1220 1194 somnio
1247 1157 1496 1204 intellexerat,

114 1225 286 1262 Athenas
301 1239 338 1262 se
350 1225 561 1262 rediturum
574 1238 663 1262 esse.
720 1224 826 1261 Tunc
838 1237 936 1271 vero,
952 1224 1057 1261 ducis
1068 1237 1223 1261 munere
1235 1224 1405 1273 fungens,
1419 1225 1499 1262 bar-

115 1294 224 1330 baros
252 1293 291 1330 in
319 1298 459 1330 terram
487 1305 654 1341 egressos
682 1291 882 1329 ordinavit.
939 1291 1041 1337 Quae
1070 1291 1160 1327 dum
1187 1291 1286 1337 facit,
1308 1291 1443 1328 accidit
1465 1292 1499 1329 ei

114 1365 157 1397 ut
183 1360 453 1405 vehementius,
500 1372 612 1408 quam
640 1358 772 1395 solitus
800 1363 891 1404 erat,
929 1362 967 1394 et
995 1362 1225 1395 sternutaret
1260 1362 1298 1394 et
1333 1359 1496 1397 tussiret.

115 1428 313 1476 Quumque
346 1427 390 1473 ei,
415 1426 504 1475 quia
535 1431 657 1463 aetate
690 1429 770 1462 erat
802 1425 877 1462 iam
904 1425 1140 1473 provectiori,
1175 1425 1300 1473 plures
1328 1425 1499 1463 labarent

115 1494 257 1541 dentes,
279 1493 452 1530 dentium
483 1505 611 1539 unum,
633 1492 724 1529 dum
752 1492 874 1537 tussit,
909 1496 1063 1540 propter
1094 1492 1171 1528 vim
1204 1505 1251 1529 ex
1283 1505 1346 1529 ore
1378 1493 1496 1531 eiecit.

116 1561 189 1607 Qui
225 1574 342 1610 quum
386 1560 426 1596 in
470 1573 622 1597 arenam
663 1559 867 1605 cecidisset,
905 1572 1084 1608 magnum
1121 1559 1295 1596 adhibuit
1333 1559 1499 1597 studium

115 1632 158 1664 ut
190 1641 276 1664 eum
311 1627 500 1676 reperiret.
575 1626 782 1674 Postquam
814 1638 903 1662 vero
940 1639 1125 1674 nusquam
1166 1625 1259 1663 dens
1290 1626 1394 1663 visus
1430 1631 1497 1674 est,

117 1694 219 1731 edito
246 1694 389 1743 gemitu
417 1694 495 1730 ait:
539 1693 676 1729 ‘Terra
707 1693 798 1729 haec
830 1705 906 1729 non
934 1697 991 1729 est
1022 1698 1160 1739 nostra,
1194 1706 1314 1742 neque
1347 1706 1429 1730 eam
1460 1694 1499 1731 in

117 1766 285 1798 nostram
312 1764 539 1810 potestatem
566 1759 734 1808 redigere
761 1759 989 1808 poterimus:
1018 1773 1106 1796 nam
1134 1759 1319 1809 quidquid
1346 1761 1425 1798 eius
1452 1761 1499 1798 ad

118 1842 178 1865 me
196 1828 421 1877 pertinebat,
441 1827 482 1864 id
500 1826 593 1864 dens
613 1839 717 1864 meus
736 1826 873 1863 habct.'

427 1943 510 1982 Tlce
532 1943 680 1982 Greeks
699 1941 798 1980 lzold
812 1955 838 1980 a
857 1943 1013 1981 councz'l
1029 1943 1082 1993 of
1093 1955 1187 1980 war

176 2029 486 2069 198.—Interim
498 2027 796 2064 Atheniensibus
811 2027 950 2064 auxilio
963 2040 1098 2064 venere
1111 2028 1360 2065 PlataeenseS.
1404 2028 1500 2065 Con-

121 2096 204 2133 cilio
227 2101 443 2141 convocato,
463 2095 733 2144 imperatorum
760 2093 934 2131 bifariam
961 2093 1103 2131 divisae
1131 2098 1239 2131 erant
1266 2094 1474 2131 sententiae
1488 2109 1499 2141 3

121 2162 336 2200 nolentibus
354 2162 448 2207 aliis,
467 2164 510 2198 ut
528 2160 670 2210 proelio
690 2160 953 2209 confligeretur
965 2175 975 2207 3
1003 2160 1085 2197 aliis
1103 2173 1203 2205 vero,
1217 2165 1255 2197 et
1273 2160 1313 2197 in
1338 2160 1396 2198 his
1414 2160 1500 2198 Mil„

121 2231 235 2276 tiade,
260 2228 537 2278 confligendum
557 2227 804 2265 censentibus.
861 2227 922 2264 Ita
946 2240 1062 2276 quum
1089 2227 1216 2264 decem
1245 2226 1358 2264 duces
1385 2227 1499 2264 dixis·

122 2303 217 2344 sent,
244 2297 465 2334 undecimus
497 2299 700 2343 supererat,
729 2294 793 2342 qui
826 2295 1043 2343 suffragium
1079 2294 1205 2339 ferret,
1234 2295 1265 2331 is
1301 2295 1366 2343 qui
1401 2294 1498 2343 pole—
