1591 2492
67 86 169 112 PART
187 74 267 123 111.]
407 75 523 110 THE
551 74 727 111 STORY
755 74 824 111 OF
851 73 1105 111 ZOPYRUS.
1404 85 1451 120 35

65 189 164 226 muri
207 187 452 226 ascendentes
491 187 767 237 tripudiabant,
804 187 1092 236 irridebantque
1136 187 1254 225 Dario
1291 191 1330 224 et
1374 187 1454 225 eius

65 256 256 294 exercitui.
311 256 423 294 Unus
452 256 567 294 etiam
594 269 642 294 ex
668 256 715 293 iis
742 255 867 293 dixit:
897 259 906 276 ‘
922 255 1000 293 Cur
1027 255 1088 293 hic
1121 255 1271 301 sedetis,
1288 254 1452 292 Persae?

66 337 131 361 cur
147 337 225 362 non
243 324 356 362 abitis
372 326 385 361 2
413 328 503 361 tunc
522 324 624 361 enim
650 336 720 361 nos
739 323 906 373 capietis,
927 336 1045 372 quum
1072 323 1196 360 mulae
1214 322 1454 373 pepererint.’

65 391 149 429 Hoc
168 391 279 439 dixit,
299 391 401 441 quod
418 391 543 429 mulae
561 404 639 429 non
657 391 812 441 pariunt
829 394 873 428 ut
892 394 1016 428 cetera
1034 390 1221 428 animalia.

450 584 665 624 Obstz‘nate
682 584 840 634 defence
858 584 911 634 of
924 583 988 623 tlze
1006 583 1095 635 city.

118 680 136 716 1
145 677 421 727 12.—Integer
435 691 556 716 annus
570 677 647 714 iam
661 682 700 714 et
714 682 860 726 septem
873 690 1021 714 menses
1040 681 1149 715 erant
1167 676 1296 726 elapsi,
1313 678 1455 717 taedio-

61 757 135 794 que
149 745 303 782 affectus
323 750 404 782 erat
417 745 556 782 Darius
576 745 850 794 exercitusque,
867 744 969 794 quod
988 758 1206 795 expugnare
1225 746 1359 784 urbem
1376 760 1454 785 non

62 812 251 851 valebant.
325 812 511 850 Omnibus
538 814 640 850 enim
667 813 835 850 artificiis
863 813 1112 862 omnibusque
1139 814 1454 854 machinamentis

61 879 254 926 adhibitis,
284 880 381 917 nihil
412 880 552 918 Darius
580 880 801 930 profecerat.
875 880 1107 918 Tentaverat
1143 886 1270 919 autem
1306 887 1345 920 et
1381 884 1454 922 alia

61 946 305 984 artificiorum
323 960 473 997 genera,
493 952 532 985 et
549 948 645 985 illud
664 949 780 986 etiam
798 961 873 998 quo
893 948 1016 997 Cyrus
1035 949 1168 986 urbem
1187 956 1358 1000 ceperat:
1385 966 1454 1002 per

60 1014 210 1052 alveum
239 1015 379 1052 scilicet
410 1015 618 1065 Euphratis
650 1017 690 1054 in
721 1017 855 1054 urbem
891 1017 1040 1067 ingredi
1076 1023 1256 1066 conatus3
1297 1020 1363 1058 sed
1399 1021 1453 1059 ita

59 1082 262 1132 diligenter
298 1084 487 1122 custodias
524 1085 689 1135 agebant
723 1085 938 1135 Babylonii,
976 1090 1020 1123 ut
1064 1086 1147 1135 capi
1191 1087 1296 1125 nullo
1341 1094 1452 1138 pacto

58 1155 222 1199 possent.

326 1297 499 1349 Coming
515 1306 649 1338 events
669 1306 756 1339 cast
776 1300 883 1339 tltez'r
900 1300 1068 1340 slcadow
1088 1301 1229 1353 before.

112 1393 130 1428 1
139 1391 319 1430 13.—Ibi
333 1395 428 1438 tum,
442 1405 559 1441 quum
570 1393 771 1431 vicesimus
782 1399 957 1444 ageretur
970 1396 1122 1442 mensis,
1136 1396 1286 1447 Zopyro
1299 1400 1448 1440 cuidam

58 1458 133 1496 tale
144 1459 361 1509 prodigium
373 1460 530 1509 obtigit:
550 1473 626 1498 una
638 1474 686 1498 ex
697 1461 815 1511 ipsius
826 1462 1001 1501 mulabus
1013 1464 1170 1513 peperit.
1213 1465 1448 1508 Recordatus

56 1525 173 1575 igitur
189 1526 392 1575 Babylonii
409 1527 511 1565 illius
529 1529 701 1576 verbum,
722 1530 788 1579 qui
808 1530 970 1578 dixerat,
992 1535 1001 1552 ‘
1014 1532 1120 1569 Tunc
1139 1532 1313 1583 Babylon
1332 1537 1449 1587 capie-

56 1597 130 1640 tur,
158 1606 275 1642 quum
305 1594 430 1632 mulae
457 1596 696 1645 pepererint,'
723 1610 952 1648 magnopere
979 1600 1130 1649 gavisus
1164 1607 1231 1640 est.
1288 1603 1447 1643 Darium

56 1659 185 1698 adiens
218 1662 403 1710 quaesivit
422 1676 470 1701 ex
502 1677 557 1710 eo,
588 1668 597 1685 ‘
613 1664 751 1702 Nonne
782 1666 841 1703 vis
877 1666 1115 1717 Babylonem
1142 1683 1274 1720 capere
1288 1673 1301 1708 2
1313 1671 1322 1687 '
1375 1672 1448 1712 Cui

55 1740 134 1774 rex,
156 1731 165 1749 ‘
177 1728 340 1766 Maximi
358 1730 535 1779 equidem
553 1731 624 1769 hoc
643 1732 762 1771 faci0.’

444 1911 634 1963 Zopyrus
655 1912 864 1954 wuctz'lates
884 1915 1062 1968 himself.

106 1995 354 2033 114.—Tum
370 1997 541 2047 Zopyrus
554 2012 679 2036 secum
692 2000 935 2041 deliberavit:
955 2004 1108 2042 volebat
1120 2006 1221 2044 enim
1235 2008 1368 2046 urbem
1379 2022 1447 2059 per

53 2075 92 2099 se
106 2062 230 2112 ipsum
245 2077 375 2114 capere
391 2081 398 2103 :
426 2078 515 2103 nam
534 2067 635 2116 apud
654 2067 788 2106 Persas
806 2082 866 2106 res
880 2070 976 2108 bene
995 2078 1122 2122 gestae
1137 2075 1313 2114 mam'mis
1331 2076 1446 2115 hono-

53 2130 157 2168 ribus
183 2133 455 2181 rependuntur.
530 2135 614 2172 Hoc
641 2141 768 2174 autem
795 2138 901 2176 nulla
937 2139 1011 2178 alia
1046 2142 1193 2180 ratione
1228 2144 1310 2182 fieri
1336 2158 1446 2195 posse

51 2197 264 2246 videbatur,
297 2201 370 2238 nisi
402 2202 434 2239 si
465 2215 504 2240 se
535 2203 615 2252 ipse
646 2204 871 2252 mutilasset‚
905 2212 1019 2256 atque
1048 2209 1103 2247 ita
1134 2210 1182 2248 ad
1214 2210 1445 2261 Babylonios

51 2266 324 2316 transfugisset.
390 2269 452 2307 Ibi
487 2274 581 2317 tum,
617 2272 726 2320 parvi
754 2272 825 2310 hoc
860 2274 1043 2323 pendens,
1080 2277 1254 2316 abscissis
1290 2280 1445 2319 naribus

51 2333 292 2381 auribusque,
310 2335 468 2386 flagellis
486 2337 684 2386 laceratus,
703 2352 831 2390 regem
850 2341 941 2381 adit.
