1591 2492
68 93 167 119 PART
187 88 230 133 L]
348 84 465 120 THE
493 85 740 122 LABOURS
770 86 838 122 OF
869 86 1167 122 HERCULES.
1410 98 1452 131 17

65 209 153 233 vero
172 197 301 242 iratus,
322 197 460 235 bovem
479 198 519 234 in
538 198 704 236 furorem
723 199 810 248 egit.
867 199 966 236 Tum
985 200 1052 236 bos
1071 212 1138 248 per
1153 204 1275 236 totam
1293 199 1456 237 insulam

67 277 240 313 magnam
260 264 458 302 hominum
486 270 651 315 stragem
680 266 827 312 edebat,
849 272 887 303 et
915 280 1030 316 opera
1056 268 1221 316 agrestia
1248 280 1457 316 corrumpe-

67 332 139 369 bat.
197 332 311 370 Hunc
330 333 486 371 tandem
507 339 658 382 captum
678 334 862 372 Hercules
882 334 930 372 ad
949 335 1206 383 Eurystheum
1225 335 1403 383 portavit.

487 487 570 525 Tlce
590 500 724 525 mares
740 487 792 536 of
804 487 1033 526 Diomedes.

117 587 464 633 62.—-Diomecles,
481 588 684 625 Bistonum
703 602 782 635 rex,
800 602 914 638 equas
930 602 1039 625 carne
1054 588 1251 625 hominum
1266 589 1454 638 pascebat-

67 655 248 693 Hercules
267 669 357 693 vero
377 670 491 705 equas
511 657 607 693 clam
626 657 796 703 abstulit,
816 662 855 693 et
874 657 922 694 ad
941 670 1043 694 mare
1063 656 1184 693 duxit.
1241 657 1316 694 Hic
1330 662 1457 694 autem

64 723 239 761 Bistones
258 737 345 761 eum
364 724 489 761 adorti
508 728 608 762 sunt.
664 724 741 760 Diu
760 728 971 774 pugnatum
990 729 1056 762 est.
1113 724 1283 762 Devictis
1302 725 1458 763 tandem

64 791 297 838 Bistonibus,
318 792 500 829 Hercules
527 805 656 841 regem
683 792 885 839 interfecit,
915 797 954 829 et
981 806 1115 842 corpus
1143 794 1310 842 equabus
1338 793 1454 830 dedit.

65 859 163 896 Tum
193 873 365 897 reversus
398 864 456 897 est
486 860 687 897 incolumis
720 873 835 909 equas
868 874 994 898 secum
1026 861 1175 899 ducens.
1251 861 1335 899 Hae
1367 874 1457 899 vero

64 928 341 965 mansuefactae
361 932 449 965 sunt
469 941 578 965 carne
598 928 743 966 domini
763 929 820 966 sui
838 933 979 978 pastae.

490 1082 528 1121 T
525 1082 575 1120 lte
586 1083 728 1134 gz'rdle
746 1083 798 1133 of
811 1083 862 1121 H
863 1083 1038 1133 sppolyte.

117 1185 466 1234 63.-—Hippolyte‚
514 1185 754 1222 Amazonum
798 1186 939 1235 regina,
987 1199 1121 1222 zonam
1166 1185 1455 1234 pulcherrimam

65 1252 239 1291 habebat.
295 1252 379 1290 Hac
411 1257 539 1290 autem
571 1254 687 1302 potiri
718 1253 873 1290 volebat
901 1253 1078 1300 Admete,
1116 1253 1322 1302 Eurysthei
1357 1254 1455 1291 filia:

66 1320 192 1369 itaque
207 1321 390 1358 Hercules
406 1334 489 1359 eam
504 1326 698 1370 asportare
714 1322 837 1358 iussus
852 1326 920 1359 est.
969 1321 1141 1359 Tandem
1155 1322 1203 1358 ad
1219 1322 1457 1359 Amazonum

66 1392 206 1426 terram
224 1390 409 1438 pervenit.
466 1389 527 1426 Ibi
545 1390 711 1438 primum
730 1389 893 1439 benigne
909 1390 1057 1439 excepit
1072 1389 1294 1438 Hippolyte,
1310 1403 1456 1427 zonam-

67 1470 139 1506 que
158 1458 344 1506 promisit,
365 1457 431 1494 sed
452 1462 580 1494 coorta
597 1458 693 1503 rixa,
716 1462 846 1494 contra
865 1457 1070 1495 Herculem
1088 1457 1301 1495 Amazones
1323 1471 1457 1495 manus

67 1530 345 1564 conseruerunt.
419 1525 493 1563 His
520 1526 631 1563 victis
668 1530 707 1563 et
744 1526 863 1563 occisa
891 1525 1104 1575 Hippolyte
1141 1525 1326 1563 Hercules
1364 1539 1457 1564 zona

65 1593 209 1642 potitus
230 1600 296 1631 est.

517 1715 600 1753 The
618 1728 714 1753 oxon
735 1715 787 1765 os
803 1714 1011 1765 Geryones.

120 1815 447 1864 64.-—Geryones
474 1816 579 1865 gigas
598 1816 739 1865 triplici
759 1829 912 1865 corpore
932 1817 971 1853 in
990 1816 1114 1854 insula
1132 1816 1294 1865 Erythia
1312 1817 1459 1855 habita-

67 1884 145 1930 bat,
164 1884 305 1921 multos
332 1884 449 1921 boves
476 1884 643 1921 habebat
661 1883 774 1930 idem,
795 1897 816 1921 a
834 1885 987 1934 gigante
1016 1884 1227 1933 Eurytione
1256 1890 1293 1922 et
1321 1899 1343 1922 a
1370 1898 1460 1924 cane

67 1951 222 2001 bicipite
259 1951 478 1989 custoditos.
551 1951 735 1988 Hercules
780 1951 839 1988 his
885 1952 1000 2001 potiri
1044 1952 1208 1998 volebat,
1248 1953 1376 2002 itaque
1422 1953 1461 1989 in

68 2019 230 2069 Libyam
262 2025 300 2057 et
332 2019 560 2069 Hispaniam
591 2019 782 2069 profectus
814 2025 881 2057 est,
954 2020 1015 2057 Ibi
1048 2020 1096 2057 acl
1128 2025 1331 2070 utrumque
1362 2021 1461 2058 latus

68 2088 183 2125 maris
216 2088 408 2125 columnas
441 2088 600 2125 statuit:
638 2088 697 2125 his
730 2088 846 2137 igitur
878 2101 1016 2125 nomen
1049 2088 1246 2126 Herculeis
1279 2089 1462 2126 columnis

70 2155 204 2192 datum
226 2160 294 2193 est.
351 2155 485 2193 Calore
514 2155 602 2193 solis
630 2155 824 2193 lacessitus
852 2156 892 2192 in
920 2156 1061 2193 Helion
1089 2156 1165 2194 tela
1193 2157 1373 2195 coniecit:
1402 2157 1463 2194 hic

70 2235 160 2260 vero
179 2223 376 2260 audaciam
400 2223 570 2270 miratus,
592 2236 678 2260 eum
705 2237 818 2260 aurea
845 2224 980 2272 cymba
1007 2224 1187 2263 donavit:
1216 2225 1344 2274 itaque
1372 2225 1465 2274 Ery-

71 2291 192 2328 thiam
219 2291 416 2340 pervenire
442 2291 578 2340 potuit.
635 2291 844 2329 Interfecto
872 2291 1047 2341 Geryone
1076 2305 1160 2329 cum
1188 2292 1397 2341 Eurytione
1426 2298 1465 2330 et

75 2372 175 2405 cane,
198 2372 282 2396 cum
301 2359 424 2396 bobus
442 2372 614 2396 reversus
634 2364 700 2396 est.

755 2435 781 2460 Β
