1591 2492
84 114 188 141 PART
206 102 275 154 1v.]
344 104 458 140 THE
486 104 667 140 THIRD
698 104 959 141 INVASION
991 104 1060 141 OF
1088 104 1314 141 GREECE.
1423 105 1469 152 83

82 214 175 253 Visa
192 215 394 253 Persarum
414 214 540 261 classe,
556 214 626 252 hae
646 227 724 252 sese
743 215 853 265 fugae
872 215 1111 254 mandarunt.
1159 216 1210 254 Et
1228 216 1472 255 Troezeniam

82 282 237 331 quidem
264 295 400 320 navem
428 282 582 331 capiunt
609 282 770 321 barbari.
828 283 910 330 Quo
939 283 1037 321 facto
1057 297 1176 321 unum
1203 297 1251 321 ex
1278 285 1403 322 nautis
1432 285 1470 322 in

80 361 232 398 proram
267 350 375 387 navis
413 349 569 387 ductum
601 354 780 396 mactant,
813 351 979 388 faustum
1016 364 1127 389 omen
1163 352 1235 390 sibi
1271 365 1349 390 esse
1385 353 1468 390 rati.

80 415 174 453 Erat
210 422 337 454 autem
364 422 528 453 mactato
558 417 644 454 huic
672 430 810 454 nomen
838 418 925 455 Leo.
995 418 1220 468 Aeginensis
1247 432 1335 457 vero
1363 420 1469 457 navis

80 490 223 521 metum
242 484 431 533 quendam
451 484 607 521 incussit
627 484 805 522 barbaris.
845 485 1046 535 Pugnabat
1065 486 1165 523 enim
1184 486 1223 523 in
1243 500 1285 524 ea
1303 487 1469 536 Pytheas

79 552 246 601 quidam,
273 552 337 601 qui
366 552 613 589 fortissimum
642 553 766 589 virum
794 553 859 590 1110
892 554 952 590 die
982 567 1020 590 se
1048 554 1260 603 praestitit:
1288 554 1331 601 is,
1361 560 1470 604 capta

77 620 166 656 navi
194 633 272 665 sua,
301 619 452 657 fortiter
479 633 651 669 pugnans
679 621 833 667 restitit,
857 621 975 659 donec
1004 626 1106 659 totus
1135 622 1254 659 veluti
1282 623 1322 659 in
1350 623 1469 660 frusta

79 692 159 724 erat
178 688 356 725 concisus.
424 687 544 734 Quem
572 688 719 734 Persae,
749 701 865 737 quum
893 688 1029 726 cadens
1056 702 1133 726 non
1161 694 1258 726 esset
1285 696 1466 737 mortuus,

78 754 143 791 sed
179 756 339 804 spiraret
375 755 510 802 adhuc,
544 761 700 805 propter
736 756 919 793 virtutem
957 757 996 794 in
1038 758 1118 795 vita
1153 771 1301 795 servare
1338 759 1468 796 statim

78 827 267 869 conantes,
294 822 452 860 vulnera
470 823 542 860 viri
563 828 790 860 curaverunt
809 839 815 861 :
844 823 1093 873 eundemque,
1114 824 1162 862 ad
1181 829 1303 862 castra
1322 838 1388 863 sua
1414 839 1468 863 re-

76 891 185 936 versi,
214 891 389 928 universo
422 891 603 928 exercitui
631 904 778 929 summa
806 905 891 929 cum
918 892 1168 930 admiratione
1205 893 1465 940 ostenderunt,

77 962 115 995 et
134 959 297 1008 benigne
317 972 360 996 eo
379 959 437 996 usi
457 963 555 997 sunt.
613 959 674 997 Ita
701 960 818 1009 igitur
845 959 942 997 duae
971 973 1019 997 ex
1046 960 1120 998 illis
1147 961 1308 999 navibus
1336 967 1466 1012 captae

77 1031 188 1065 sunt:
213 1027 328 1064 tertia
354 1040 444 1064 vero
472 1027 637 1065 triremis
670 1027 718 1065 ad
746 1033 888 1065 terram
914 1028 1078 1077 impacta
1106 1032 1186 1066 est:
1215 1032 1253 1066 et
1280 1029 1349 1066 hac
1376 1030 1465 1066 navi

76 1095 189 1143 potiti
217 1100 306 1132 sunt
333 1095 484 1132 barbari
499 1110 508 1142 3
537 1095 602 1133 sed
629 1095 701 1132 viri
731 1096 955 1145 effugerunt,
975 1109 1063 1133 nam
1093 1096 1230 1146 egressi
1258 1096 1297 1133 in
1325 1101 1461 1134 terram

77 1162 250 1200 Athenas
271 1162 476 1200 redierunt.

407 1309 446 1347 A
477 1307 603 1347 white
621 1309 760 1359 sqltall
775 1310 865 1348 and
882 1309 936 1348 its
958 1308 1112 1349 results.

128 1400 446 1439 237.—Postero
466 1401 539 1448 die,
560 1402 625 1439 ubi
651 1402 790 1449 illuxit,
811 1416 928 1452 quum
956 1417 1130 1441 serenum
1149 1404 1293 1441 caelum
1319 1405 1462 1453 fuisset,

76 1468 200 1505 subito
228 1469 494 1507 effervescente
513 1470 607 1507 mari
629 1471 761 1520 ingens
790 1479 918 1509 coorta
946 1477 1002 1509 est
1030 1473 1202 1522 procella.
1259 1473 1341 1510 Hac
1372 1474 1464 1511 cala·

74 1536 207 1573 mitate
222 1536 469 1574 barbarorum
489 1551 603 1575 naves
624 1538 730 1575 aiunt
750 1539 903 1588 periisse
922 1553 998 1576 non
1014 1539 1138 1577 minus
1157 1539 1460 1590 quadringentas.

76 1604 167 1642 Tres
196 1605 297 1642 enim
325 1606 523 1644 continuos
543 1606 623 1643 dies
653 1612 856 1656 tempestas
884 1607 1056 1645 furebat:
1086 1613 1220 1657 quarto
1248 1607 1308 1644 die
1337 1608 1460 1646 desiit.

76 1672 158 1719 Qua
196 1672 301 1710 clade
338 1675 498 1724 cognita,
528 1675 638 1712 valde
666 1675 786 1724 gavisi
814 1680 903 1712 sunt
939 1675 1072 1714 Graeci
1088 1690 1098 1722 ς
1139 1680 1229 1714 vota
1264 1680 1302 1713 et
1333 1676 1463 1713 vinum

75 1740 256 1790 Neptuno
277 1741 469 1780 Servatori
488 1743 718 1781 obtulerunt.

289 1886 374 1926 lee
398 1886 550 1926 Greeks
571 1887 691 1926 make
710 1901 736 1926 a
758 1888 888 1927 stand
903 1895 950 1927 at
975 1888 1271 1939 leerwwpylae.

126 1971 392 2011 238.—Dum
404 1971 496 2009 haec
508 1977 703 2021 geruntur,
718 1971 853 2010 Graeci
867 1972 1001 2010 Persas
1014 1972 1286 2022 exspectabant
1299 1970 1346 2009 ad
1353 1971 1466 2008 Ther-

76 2039 257 2088 mopylas.
342 2038 463 2076 Erant
492 2039 669 2088 Spartani
697 2040 868 2086 trecenti,
898 2044 935 2077 et
963 2040 1053 2077 socii
1081 2039 1129 2077 ad
1157 2039 1465 2089 quadringentos.

77 2106 149 2143 His
161 2110 333 2154 praeerat
345 2106 533 2144 Leonidas
553 2120 620 2144 rex
640 2107 923 2156 Spartanorum.
971 2107 1131 2145 Interim
1146 2107 1292 2144 Xerxes
1307 2106 1463 2156 specula-

77 2178 199 2211 torem
218 2174 334 2220 misit,
355 2175 420 2223 qui
440 2180 478 2212 et
497 2188 697 2212 numerum
717 2189 858 2222 eorum,
880 2180 917 2213 et
937 2175 1028 2225 quid
1048 2176 1226 2221 facerent,
1243 2175 1466 2224 exploraret.

78 2241 157 2278 Ubi
195 2239 243 2277 ad
280 2253 432 2278 murum
470 2242 636 2288 accessit,
666 2243 869 2280 nonnullos
905 2257 925 2281 e
961 2243 1116 2280 Graecis
1151 2242 1272 2280 vidit:
1310 2254 1469 2291 quorum

79 2308 143 2346 alii
180 2309 426 2358 gymnasticis
471 2311 806 2348 exercitationibus
843 2324 882 2348 se
927 2311 1178 2357 delectabant,
1217 2310 1281 2348 alii
1325 2322 1468 2347 comam

78 2376 289 2425 pectebant.
346 2377 546 2424 Reversus,
567 2377 687 2415 Xerxi
707 2383 841 2416 cuncta
859 2392 954 2426 quae
973 2378 1121 2416 viderat
1139 2377 1382 2415 renuntiavit.
